3172 5186
629 311 838 422 jaa—

176 521 283 587 abditis
308 520 422 586 divinae
445 521 648 609 providentiae
672 523 726 584 viis
750 521 966 587 assationibus
990 525 1182 610 acquiescere,
1202 545 1290 611 quam

176 646 291 712 easdem
313 650 396 712 irrito
414 660 522 711 conatu
543 649 666 712 scrutari
683 646 755 711 velle
772 643 921 726 (Arcelaca
930 646 960 735 f.
977 649 1006 713 d.
1025 647 1113 714 sud.
1131 650 1159 714 d.
1177 662 1288 737 caepct.

175 795 205 837 ae.
219 773 317 858 dopm.
329 771 490 858 Tbeolopa'e
506 774 564 837 vol.
575 774 595 849 1,
613 769 684 847 Ρ.3,
701 793 752 858 pp.
764 768 826 836 109
840 792 904 858 sqq.
921 794 937 835 a
952 772 1191 839 Roseumuellero
1209 778 1287 840 citat.

177 898 220 962 ad
232 896 296 964 Iob.
313 918 341 984 p.
359 893 427 977 lt).
462 895 495 962 Si
514 901 605 985 igitur
620 895 740 962 Daniel
759 869 900 1000 (bb-idq)
923 919 937 948 ³
941 897 1086 982 judicium
1102 897 1175 962 Dei«
1199 901 1290 987 signi·

176 1021 264 1086 boans
293 1020 479 1088 liberationes
504 1023 607 1108 popuii
630 1020 818 1086 lebavicoiae
842 1023 962 1108 ajusto
986 1025 1104 1087 numine
1127 1025 1288 1110 promissas

176 1145 350 1222 declarabat,
365 1146 457 1213 Iobus
472 1159 578 1222 autem,
595 1150 615 1210 i.
626 1169 650 1210 e.
665 1139 776 1240 (Μ)
793 1147 872 1214 »Deo
889 1145 1038 1212 infensus·
1055 1142 1220 1228 (Berustein
1237 1171 1288 1236 op.

174 1272 383 1336 Rosaamacll,
394 1270 475 1359 pl),
496 1275 625 1338 miserias
643 1272 838 1336 israelitarum
855 1270 954 1336 diviua
969 1273 1156 1361 providentia
1171 1273 1287 1339 demum

173 1409 299 1462 remotas
323 1399 439 1483 poetico
456 1397 710 1483 philosophemate
725 1395 970 1484 prosequebatur,
988 1400 1289 1488 optimo-congrueret

174 1524 327 1607 utriusque
350 1543 493 1607 personae
517 1525 624 1586 mentio
650 1543 714 1586 cum
731 1521 843 1586 Noachi
868 1522 1016 1610 allegoria,
1042 1525 1065 1587 si
1090 1521 1138 1586 iila
1157 1542 1285 1609 quoquc,

174 1658 207 1710 ut
226 1667 317 1732 supra
333 1649 442 1723 monui,
465 1647 502 1710 ad
518 1647 598 1711 electi
616 1647 719 1734 popuii
737 1650 884 1734 »requiem
901 1667 934 1712 ac
950 1668 1069 1734 pacem«
1085 1659 1157 1735 post
1170 1667 1285 1712 errores

173 1784 202 1835 et
223 1774 441 1858 persecutiones
465 1774 552 1857 prisci
575 1773 718 1857 temporis
742 1783 902 1858 spectaret,
932 1784 1088 1860 autequam
1112 1771 1283 1836 Solomonis

171 1896 311 1984 tempium
332 1900 363 1960 in
387 1898 606 1984 tranquillitatis
629 1908 851 1961 monumentum
875 1896 1059 1964 conderetur.
1100 1897 1163 1962 lobi
1187 1899 1283 1964 saltim

172 2021 278 2086 librum
307 2023 345 2086 sd
379 2042 510 2087 normam
538 2022 962 2108 lasharanam·conscriptum
993 2043 1072 2100 esse,
1104 2026 1167 2111 ipse
1196 2045 1286 2111 supra

172 2143 214 2233 (p.
228 2143 305 2227 328)
323 2147 493 2234 significavi,
515 2159 544 2212 at
559 2150 693 2235 agnoscit
705 2145 760 2211 Vir
775 2146 1038 2225 Eminentissimus,
1056 2147 1173 2212 Niooias
1187 2149 1287 2214 Wisa·

171 2295 252 2349 man,
283 2272 431 2336 Romanae
460 2271 605 2339 Ecclesiae
634 2270 798 2338 cardinalis
829 2285 917 2359 atque
940 2271 1285 2359 Archiepiscopus,qui

171 2398 260 2485 hujus
288 2400 470 2462 tractationis
497 2419 663 2475 censuram,
689 2396 785 2463 verbis
809 2393 1036 2475 formidabilem,
1060 2419 1092 2462 re
1121 2396 1286 2462 infirmissi-

170 2545 255 2599 mam,
280 2525 493 2588 consarcinavit
516 2520 648 2603 (Dublivc
662 2522 796 2604 Reae‘eco,
822 2520 905 2609 Sept.
922 2519 1016 2599 1855,
1039 2544 1070 2608 p.
1083 2519 1171 2604 214).
1209 2522 1286 2590 Illud

170 2660 267 2712 sutem
289 2646 379 2712 luisse
403 2650 555 2734 scriptoris
579 2646 742 2723 consilium,
767 2659 802 2710 ut
824 2647 958 2712 homines
975 2667 1042 2711 vere
1059 2649 1186 2734 probos,
1209 2643 1285 2724 τούς

169 2767 302 2855 ἀληθῶς
320 2764 527 2857 Ἰσραηλίτας,
556 2770 591 2836 ἐν
616 2767 663 2846 οἷς
688 2764 785 2846 δόλος
810 2766 868 2836 οὐκ
891 2766 931 2855 ἦν
959 2765 1124 2851 (Journal,
1147 2770 1224 2855 47),
1252 2776 1282 2837 in

169 2899 289 2961 summis
306 2899 430 2962 miseriis
447 2898 658 2974 consolaretur,
676 2899 769 2961 cuivis
794 2896 895 2962 lectori
919 2899 1105 2983 perspicuum
1127 2909 1181 2962 est.
1209 2896 1283 2964 Nam

168 3022 257 3086 Iobus
273 3026 335 3110 ipse
347 3023 498 3088 inducitur
510 3021 542 3103 (l,
553 3019 594 3102 1),
611 3035 751 3110 tauquam
764 3024 892 3111 »integer
904 3033 932 3086 ct
944 3021 1073 3108 probus«
1086 3019 1187 3129 (Ἶῐτζῑξῖἶ
1200 3021 1281 3128 uqi),
1323 3109 1325 3116 y

168 3167 362 3234 reversusque
377 3147 431 3213 Dei
456 3161 485 3212 et
507 3147 669 3213 abhorrens
691 3147 880 3224 amaieliciis‚
898 3169 1022 3235 eumque
1046 3151 1087 3214 sic
1108 3149 1284 3215 adhortatur

168 3271 324 3360 Eliphasus
344 3269 412 3352 (IV,
430 3270 477 3353 li:
503 3270 690 3346 »recordare,
715 3292 841 3358 quaeso,
867 3276 966 3359 ecquis
989 3276 1130 3338 innocens
1154 3277 1280 3362 perierit,

168 3409 220 3462 aut
242 3396 361 3484 quando
385 3394 473 3484 probi
496 3391 635 3499 (nitidi)
660 3393 768 3460 luerint
791 3396 902 3460 deletis

246 3521 330 3598 ,Utut
352 3521 438 3587 suerit
461 3489 777 3586 Ezektetis'senventta
801 3519 835 3586 de
859 3520 1027 3586 tribusviris
1051 3521 1123 3602 illis,
1148 3546 1224 3612 quos
1248 3537 1282 3592 ut
1350 3611 1353 3618 Δ

168 3660 312 3734 spectatae
328 3646 485 3734 probitatis
502 3647 634 3735 exempla
649 3647 784 3734 protulit,
804 3649 905 3711 sireis
923 3667 1008 3712 veros
1026 3648 1159 3715 homiues
1175 3651 1281 3739 aliega-

167 3772 227 3850 bat,
252 3775 313 3848 sive
333 3773 415 3838 fictas
433 3775 621 3860 poeticasque
638 3794 791 3860 personas,
816 3795 891 3861 quae
907 3788 1045 3862 tanquam
1061 3778 1145 3840 vivae
1160 3798 1212 3862 per
1228 3799 1280 3840 ora

168 3901 262 3964 virum
279 3897 449 3984 volitabant,
465 3896 648 3964 manifestum
664 3912 708 3964 ast
719 3899 844 3964 Josaiam
861 3901 941 3965 iilum
957 3901 1079 3966 aiterum
1095 3900 1278 3987 allegoricam

168 4023 270 4089 diluvii
285 4023 436 4088 Noaehani
456 4024 697 4112 significationem
718 4029 913 4114 perspexisse,
935 4048 1055 4114 eamque
1076 4025 1114 4090 ad
1129 4029 1278 4112 antiquam

167 4150 222 4215 sub
254 4149 421 4214 conditione
451 4147 606 4239 probitatis
631 4149 785 4217 Solomoni
811 4151 984 4241 populoque
1013 4152 1075 4236 ejus
1104 4154 1277 4240 promissam

167 4274 406 4363 tranquillitatem
433 4297 595 4342 revocasse.
633 4275 707 4340 Nam
734 4299 771 4343 ex
792 4277 973 4343 ludaeorum
1000 4280 1141 4342 sententia
1163 4276 1277 4342 dehova

167 4403 230 4490 ipse
246 4398 401 4466 Salomoni
424 4402 571 4491 pollicitus
596 4414 648 4478 est,
674 4423 763 4493 quum
788 4405 926 4494 templum
952 4407 981 4473 in
1005 4417 1103 4472 monte
1127 4403 1277 4473 aedificare
