3164 5176
609 331 821 442 Q

156 541 276 608 Taborc
305 555 406 609 monte
434 554 530 606 castra
560 564 614 608 sua
641 543 807 628 posuisset,
837 543 906 608 inde
934 556 1110 609 crescentem
1133 564 1278 631 aquarum

155 668 293 754 alluviem
316 689 405 754 quarn
428 667 562 732 facillime
585 669 685 754 potuit
708 665 873 754 despicere,
898 678 1016 733 etcum
1040 671 1134 754 copiis
1158 668 1278 734 descen·

155 793 228 858 dens
257 792 333 858 illice
363 792 465 856 hostes
495 791 534 856 ad
562 794 665 856 incitas
694 789 816 878 redegit.
864 790 972 858 Stellae
998 796 1091 870 enim,
1121 797 1141 858 i.
1158 815 1183 858 e.
1207 806 1280 858 tcm-

156 931 265 1004 pestas,
289 939 345 1004 pro
371 939 406 982 eo
420 915 613 1005 pugnabant,
637 919 679 980 ita
701 928 736 980 ut
752 920 838 1004 quasi
852 915 992 1002 Hyadum
1013 921 1152 1004 auspiciis
1175 921 1280 984 trium·

155 1043 272 1132 pharet.
316 1043 434 1129 ltaque,
465 1064 557 1129 quum
580 1041 700 1108 Debere
728 1063 800 1122 sues
830 1045 908 1106 cives
936 1041 1092 1108 relincuere
1115 1042 1215 1118 vellet,
1246 1056 1281 1108 ut

155 1189 212 1256 pre
241 1167 293 1232 tali
317 1169 441 1232 victoria
463 1165 526 1231 Dee
556 1169 667 1253 gratias
696 1179 830 1254 agerent,
861 1166 1002 1254 quidnam
1029 1167 1133 1231 melius
1161 1164 1278 1244 faceret,

155 1313 245 1378 qnam
268 1304 303 1356 ut
324 1313 374 1356 eos
391 1291 430 1356 ad
444 1290 663 1360 meditationem
680 1292 889 1358 exhortaretur
904 1304 1048 1380 »prepter
1062 1292 1171 1356 laetum
1186 1290 1279 1378 ligna-

154 1429 256 1496 terum
279 1415 435 1481 clamorem
457 1419 533 1480 inter
563 1416 670 1482 effusas
696 1416 859 1510 Quishenis
888 1416 1024 1504 equasti
1074 1413 1178 1501 Neque
1205 1415 1280 1480 illud

155 1540 351 1608 emittendum
374 1555 419 1608 est
442 1541 525 1629 qued
548 1545 676 1607 viatores
691 1538 888 1606 Palaestinam
904 1540 1171 1629 Septentrionalem
1193 1561 1279 1628 pera·
1389 1623 1394 1629 q

153 1679 274 1755 grantes
298 1667 334 1732 de
353 1665 516 1748 Quishenis
540 1665 785 1732 inundationibus
808 1665 1004 1731 tradiderunt.
1038 1665 1118 1730 Bene
1141 1667 1218 1730 enim
1240 1665 1279 1730 ad

153 1813 216 1858 rem
239 1786 372 1858 uestram
395 1804 517 1858 monent
541 1791 639 1856 »bunc
657 1803 827 1868 torrentem,
851 1813 904 1878 per
927 1813 958 1856 se
980 1812 1115 1877 parvum,
1140 1787 1279 1856 imbrium

154 1921 279 2005 copiosa
307 1916 450 1982 effusione
480 1915 606 1982 subinde
633 1919 676 1982 ita
704 1920 912 1994 intumescere,
943 1929 978 1982 ut
1006 1937 1126 2002 campos
1155 1914 1279 1980 inundet

152 2041 325 2130 rapidisque
350 2040 491 2107 fluctibus
515 2063 708 2130 quaeeunque
738 2041 794 2106 sibi
823 2041 939 2128 objecta
965 2033 1140 2123 auferam')
1188 2038 1279 2124 Quod

154 2181 253 2232 autem
275 2170 307 2232 in
330 2189 419 2232 versu
442 2170 652 2232 unetvicesimo
669 2166 784 2250 Quishe
808 2167 855 2231 ille
879 2140 1119 2271 [timp-¹7&
1141 2179 1276 2243 vocatur,

153 2297 184 2358 in
207 2295 310 2382 primis
335 2290 554 2358 observandum
582 2305 627 2357 est
654 2313 809 2378 perperam
835 2289 938 2356 secisse
960 2290 1046 2356 LXX
1069 2293 1121 2378 qui
1143 2288 1277 2374 χειμάῤ-

155 2415 232 2501 ρους
255 2414 400 2502 ἀρχαίων
422 2420 453 2480 in
476 2421 612 2482 versione
634 2419 799 2502 posuerint,
825 2437 857 2480 ac
879 2419 905 2478 si
927 2414 1073 2501 legeretur
1096 2420 1174 2520 0¹AE
1190 2388 1275 2488 ιἹΙὌ.

153 2545 198 2608 Ita
226 2546 257 2606 in
279 2542 513 2607 Deuteronomio
543 2537 702 2624 (XXXIII,
729 2536 805 2624 15):
836 2542 1034 2646 nld'l'ffi
1063 2551 1134 2602 sunt
1160 2549 1277 2603 ruentes

154 2669 284 2755 emtique}
309 2669 433 2733 aeterni.
469 2666 503 2733 Si
518 2689 572 2756 per
594 2667 712 2754 linguae
734 2665 863 2732 indolem
886 2666 985 2729 liceret
1006 2664 1093 2728 talem
1118 2663 1187 2726 huic
1208 2663 1275 2727 loco

154 2796 425 2880 interpretationem
448 2794 618 2880 injungere,
635 2803 808 2856 contextus
836 2794 900 2878 ipse
929 2811 947 2854 a
968 2802 1028 2854 tam
1051 2787 1159 2876 frigida
1182 2788 1276 2886 expli-

154 2921 269 2982 catione
292 2917 448 3004 reiugeret.
486 2916 585 2999 Quum
599 2917 722 3004 pluralis
744 2919 800 2980 iste
823 2919 960 3022 Ulpii?
982 2911 1046 2980 τῶν
1069 2909 1160 2991 ἅπαξ
1183 2910 1277 2992 λεγο-

153 3044 260 3126 μένων
274 3065 397 3108 numere
414 3041 626 3107 adscribendus
642 3043 690 3118 sit,
714 3043 918 3129 interpretatio
940 3038 1107 3129 quaerenda
1123 3051 1176 3114 est,
1201 3059 1277 3126 quae

155 3181 184 3232 et
208 3189 274 3234 cum
298 3180 439 3235 contextu
464 3170 574 3256 optime
598 3179 753 3254 congruat,
778 3179 807 3230 et
824 3164 1045 3231 accommodata
1067 3167 1106 3228 sit
1129 3163 1167 3228 ad
1189 3176 1276 3228 notas

153 3292 260 3358 radicis
284 3296 364 3397 0¹12
387 3292 626 3381 significationes.
660 3290 726 3355 dam
742 3312 813 3355 vere
832 3293 890 3356 ista
911 3289 999 3355 radix
1022 3288 1168 3376 significat
1191 3299 1276 3354 eute-

153 3420 209 3501 e‘re,
227 3420 366 3506 praeire,
390 3418 437 3483 vel
460 3418 525 3482 leco
551 3417 597 3482 vel
619 3428 761 3502 tempere.
796 3412 910 3480 Deinde
933 3425 1097 3499 usurpatur
1111 3415 1142 3475 vi
1158 3411 1277 3476 obviarn

154 3542 301 3620 veniendi,
326 3542 360 3608 de
385 3565 419 3608 ce
444 3545 495 3628 qui
518 3555 570 3609 aut
593 3540 790 3606 amriliaturus
812 3550 857 3604 est
875 3550 927 3602 aut
941 3536 1088 3602 hostiliter
1104 3535 1274 3602 aderturus.

152 3667 187 3732 Id
215 3665 298 3756 qued
326 3670 483 3756 praecipue
506 3668 584 3732 valet
611 3669 642 3730 in
670 3663 773 3730 formis
803 3662 969 3729 causalibus
992 3659 1084 3730 Petet
1105 3673 1135 3726 et
1155 3658 1274 3748 He'pbil.

152 3795 197 3860 lta
219 3805 254 3856 ut
271 3793 340 3880 jure
361 3791 478 3858 dubites
496 3805 595 3857 utrum
618 3794 721 3896 ῦᾞ,
747 3789 901 3866 »Eurus«,
927 3786 963 3855 ab
981 3811 1015 3852 co
1033 3787 1174 3853 derivarit
1188 3807 1276 3851 suum

153 3938 263 3984 nemen
291 3916 374 4005 qued
403 3920 434 3982 in
459 3916 533 3984 Asia
557 3913 736 3982 Occidentali
765 3913 956 4002 maribusque
986 3915 1089 3978 vicinis
1120 3925 1276 3979 ventorum

153 4043 241 4132 lenge
265 4042 539 4112 vehementissimus
570 4054 616 4108 est
643 4041 691 4108 ille
713 4039 921 4128 Eureclyden,
952 4062 989 4104 an
1016 4036 1099 4126 qued
1122 4037 1275 4124 epitheton

155 4235 287 4290 confluunt
304 4233 427 4306 plurimae
446 4249 534 4305 aquae,
554 4241 579 4288 ct
597 4234 756 4304 recipiuntur
772 4233 799 4287 iu
817 4232 885 4289 bunc
902 4249 983 4288 unum
995 4237 1156 4286 torrentem·
1185 4226 1274 4298 (llpud

154 4333 256 4390 W'mer.
274 4351 295 4388 a.
314 4333 352 4402 v.)

230 4433 250 4500 ¹)
273 4430 360 4502 Shaw,
379 4430 447 4504 apud
464 4428 612 4489 Heumann.
631 4446 656 4502 p.
669 4426 713 4484 tt.
