3160 5170
716 319 930 430 Q

261 534 341 600 nibil
363 533 482 599 addens
504 533 646 618 aneplios,
671 543 701 595 et
723 531 846 616 empsit
867 551 905 594 ea
927 532 962 594 io
983 531 1105 596 decadam
1126 531 1239 596 tabulis
1253 531 1387 618 lapideo

263 681 336 747 quas
361 657 443 722 dedit
463 658 557 724 nihi«
582 652 687 738 (Deut.
700 653 739 731 V,
760 649 829 737 19).
875 653 915 718 Et
942 675 1034 742 quum
1057 654 1158 721 Moses
1181 657 1297 742 priores
1321 657 1386 721 illas

262 783 379 848 tabulas
403 780 610 868 confregisset,
635 802 697 845 non
721 779 791 856 alia,
816 779 868 842 sed
891 779 991 843 eadem
1008 778 1099 843 verba
1121 783 1247 867 repetita
1269 784 1387 846 suntin

262 907 381 983 tabulis,
407 928 482 993 quae
506 905 544 994 ad
562 908 697 992 priorum
714 902 864 989 exemplar
879 902 996 968 dolatae
1012 917 1084 968 sunt
1099 899 1200 986 (Deua
1215 905 1255 982 X,
1276 902 1386 988 1-4).

264 1030 347 1115 Quae
376 1053 469 1118 quum
498 1034 539 1094 ita
568 1033 641 1105 sint,
673 1050 735 1092 non
763 1027 876 1116 duplex
902 1042 979 1105 erat,
1009 1028 1062 1092 sed
1084 1031 1172 1093 unica
1194 1028 1267 1118 legis
1291 1030 1387 1096 decla-

263 1161 356 1234 ratio;
380 1168 410 1219 et
432 1158 458 1219 si
482 1159 534 1243 qui
550 1153 715 1218 Exodicam
733 1155 899 1218 versionem
915 1153 1181 1220 Deuteronomioae
1204 1167 1389 1242 anteponen-

264 1282 331 1345 dam
355 1281 482 1357 ducunt,
507 1283 543 1344 iis
567 1292 644 1345 certe
659 1277 808 1366 probandi
824 1300 900 1343 onus
916 1279 1108 1365 injungamus
1123 1279 1203 1357 licet,
1229 1293 1389 1369 antequam

262 1405 350 1473 fidem
373 1418 506 1470 nostram
528 1405 778 1485 Deuteronomieo
803 1405 941 1490 scriptori
964 1403 1151 1492 denegemus.

353 1530 466 1597 Deinde
489 1553 570 1607 vero,
599 1533 625 1594 si
648 1533 743 1618 ipsam
767 1529 907 1618 Decalogi
931 1540 1111 1594 structuram
1134 1528 1329 1607 attendimus,
1359 1544 1391 1596 et

263 1657 431 1723 Exodicum
454 1668 570 1721 textum
594 1678 660 1720 cum
682 1655 931 1720 Deuteronomico
957 1677 1171 1743 comparamus,
1196 1655 1245 1720 hic
1268 1655 1388 1743 quidem

265 1787 364 1848 omnia
386 1785 547 1847 concinunt
572 1794 660 1868 atque
684 1781 856 1857 cohaerent,
881 1779 939 1843 illic
963 1793 1061 1844 autem
1077 1781 1123 1845 vel
1144 1781 1389 1867 interpolatorem

264 1908 312 1971 vel
340 1911 512 1971 oscitantem
541 1904 667 1970 scribam
696 1903 954 1992 deprehendimus.
1000 1905 1145 1970 Primaria
1173 1905 1299 1970 duarum
1322 1928 1390 1971 ver·

266 2035 384 2096 sionum
408 2031 604 2117 discrepantia
633 2034 663 2094 in
691 2041 842 2116 postrema
865 2029 996 2095 mandati
1019 2034 1117 2119 quarti
1140 2031 1272 2096 clausula
1295 2035 1389 2097 cerni·

265 2170 324 2221 tur.
373 2154 472 2239 Quum
501 2158 577 2219 enim
605 2153 741 2220 Exodica
770 2153 861 2219 editio
885 2153 1009 2220 Sabbati
1037 2155 1216 2221 observandi
1244 2160 1389 2223 rationem

265 2286 296 2347 io
325 2304 360 2346 eo
391 2284 520 2369 quaerit,
551 2279 635 2370 quod
657 2280 773 2345 lehova
799 2279 942 2345 mundum
967 2303 1020 2346 sex
1043 2281 1148 2346 diebus
1172 2294 1313 2361 creasset,
1343 2303 1390 2348 re·

267 2410 429 2495 quievisset
456 2419 554 2470 autem
582 2406 629 2471 die
659 2409 784 2492 septimo
809 2400 925 2487 (Exod.
944 2405 1019 2483 XX,
1042 2402 1111 2489 11),
1141 2407 1390 2473 Deuteronomica

267 2532 425 2620 descriptio
449 2531 613 2596 humanum
636 2553 670 2595 ac
692 2553 784 2617 paene
803 2528 1007 2596 Christianum
1030 2545 1235 2619 argumentum
1259 2532 1389 2619 subjicit,

266 2679 370 2744 nempe
399 2670 434 2722 ut
461 2659 678 2745 requiescerent
704 2659 781 2720 servi
804 2656 1016 2733 Israelitarum,
1048 2669 1137 2744 atque
1159 2670 1195 2722 nt
1216 2660 1275 2744 ipsi
1296 2659 1391 2723 lsrae-

266 2784 335 2847 litae
363 2785 549 2846 meminerint
578 2780 658 2867 quali
685 2783 769 2867 ipsos
798 2784 941 2846 servitute
963 2781 1079 2846 lehova
1105 2779 1257 2846 liberasset
1280 2781 1388 2865 (Deut.

266 2907 305 2984 V,
325 2904 376 2982 14,
396 2901 460 2986 15).
506 2905 586 2970 Haec
613 2918 657 2970 cst
684 2905 782 2992 proba
803 2905 970 2971 recordatio
992 2905 1089 2994 proba
1112 2907 1294 2974 humanitate
1318 2930 1390 2974 con·

263 3034 383 3118 juncta,
408 3051 483 3117 quae
506 3033 641 3096 concinat
664 3034 750 3096 etiam
774 3053 840 3096 cum
862 3034 947 3096 initio
964 3032 1104 3120 Decalogi
1127 3035 1159 3097 in
1180 3047 1308 3122 utraque
1326 3056 1391 3100 ver-

268 3160 366 3222 sione:
402 3154 485 3242 »Ego
515 3178 582 3220 sum
610 3155 726 3222 lehova
754 3157 835 3220 Deus
865 3168 953 3233 tuus,
989 3161 1042 3244 qui
1069 3157 1161 3222 eduxi
1189 3171 1219 3223 to
1245 3159 1284 3224 de
1311 3172 1391 3224 terra

267 3282 416 3370 Aegypti,
441 3281 480 3345 de
503 3281 593 3346 dmao
616 3283 789 3348 semirutis«
814 3276 929 3363 (Exod.
945 3280 1020 3358 XX,
1038 3281 1068 3348 2.
1099 3282 1188 3348 Deut.
1205 3282 1243 3359 V,
1261 3279 1306 3365 6).
1351 3283 1391 3349 Et

268 3429 360 3494 quum
389 3406 536 3471 Dominus
571 3393 674 3472 noster
708 3430 764 3472 suo
798 3410 829 3471 in
860 3409 950 3472 vitam
983 3405 1082 3471 reditu
1115 3431 1172 3474 nos
1202 3429 1323 3496 quoque
1352 3429 1392 3474 ex

268 3533 452 3622 Aegyptiaca
475 3535 617 3597 servitute
641 3535 745 3596 mortis
769 3553 802 3597 ac
824 3535 936 3620 pcccati
953 3531 1134 3610 liberaverit,
1159 3530 1302 3598 habemus
1321 3555 1391 3599 cau-

269 3681 331 3722 sam
365 3658 546 3722 consimilem
581 3670 611 3722 ct
637 3671 878 3736 consentaneam,
913 3680 1004 3745 quare
1034 3662 1160 3746 septimo
1192 3680 1313 3746 quoque
1343 3659 1391 3724 die

270 3783 472 3851 Christianum
488 3781 653 3848 Sabbatum
678 3783 865 3850 celebremus.
900 3784 1008 3849 Primo
1031 3796 1145 3862 autem,
1169 3806 1231 3848 non
1250 3785 1390 3871 septimo,

265 3908 463 3976 'hebdomadis
488 3907 534 3974 die
549 3909 696 3974 Israelitae
720 3931 841 3997 quoque
864 3931 880 3973 e
903 3921 982 3974 terra
1005 3875 1156 3976 servitutis
1179 3912 1288 3998 egressi
1309 3922 1390 3974 sunt.

270 4035 359 4118 Quod
387 4039 412 4099 si
443 4057 509 4100 cum
536 4034 672 4102 Exodico
703 4034 815 4102 editore
847 4033 1016 4101 mandatum
1044 4035 1102 4099 hoc
1132 4034 1169 4100 ad
1198 4034 1390 4122 symbolicam

268 4160 347 4224 illam
370 4161 424 4226 Dei
453 4163 599 4249 requiem,
632 4183 707 4250 quae
736 4183 790 4226 sex
813 4164 969 4228 creationis
993 4160 1055 4226 dies
1079 4173 1237 4226 consecuta
1260 4163 1314 4238 sit,
1345 4181 1393 4226 rc·

269 4285 420 4352 serendum
443 4309 553 4365 censes,
581 4309 690 4354 novam
713 4301 743 4355 et
764 4288 912 4378 Decalogo
936 4290 1054 4353 minime
1078 4309 1240 4376 congruam
1260 4286 1393 4352 illustra-

269 4413 379 4484 tionem
400 4412 526 4478 insercis.
562 4410 666 4502 Neque
690 4417 765 4480 enim
788 4418 872 4482 initio
888 4413 1057 4480 tabularum
1072 4412 1187 4480 lehova
1203 4435 1235 4478 se
1248 4425 1392 4501 tanquam
