3164 5176
624 352 836 462 Q

502 693 712 763 CANTICUM
735 695 953 765 SEPTIMUM.

417 859 576 918 Solomonei
591 863 686 939 templi
701 865 829 920 introitus
845 880 877 919 ao
895 861 1036 918 dedicatio.

616 1138 838 1198 PROOEMIUM.

663 1301 789 1344 CHORUS.

166 1415 327 1537 ΡιιΧνΠῶ
352 1437 456 1525 Surgit
478 1437 569 1515 Deus,
594 1452 777 1526 sparguntur
799 1439 912 1514 hostes,

351 1561 520 1650 Osoresque
543 1564 607 1650 ejus
631 1585 666 1626 00
691 1576 849 1650 conspecto
875 1563 1043 1652 diffugiunt.

293 1699 327 1760 (³)
350 1685 391 1753 Ut
413 1686 512 1752 fumus
537 1687 707 1776 dissipatur,
731 1691 773 1752 ita
796 1711 847 1753 eos
872 1689 1008 1775 dissipas,

350 1809 390 1878 Ut
413 1835 478 1878 0000
499 1813 636 1901 liquescit
657 1818 734 1900 igno,
759 1817 801 1878 sic
824 1814 951 1901 improbi
972 1813 1010 1878 ad
1024 1813 1079 1879 Dei
1095 1827 1284 1902 conspectum

752 1952 886 2027 pereunt.

292 2075 325 2136 (4)
348 2062 441 2128 Probi
464 2074 562 2129 autem
583 2063 724 2151 gaudent,
749 2067 958 2152 exsultantque
982 2087 1080 2130 coram
1104 2065 1178 2144 Deo,

347 2188 387 2254 Et
409 2211 524 2256 summo
547 2190 658 2277 gaudio
681 2191 836 2257 laetantur.
893 2201 898 2208 '

564 2443 757 2488 Patnrucws
781 2445 882 2488 enom.

669 2565 754 2617 stropha
771 2563 786 2607 1.

291 2701 324 2763 (⁵)
349 2685 452 2754 Canite
474 2689 549 2768 Deo,
573 2689 683 2756 fidibus
707 2704 820 2756 cantato
844 2713 951 2756 nomen
975 2690 1048 2777 ejus,

346 2814 432 2878 Viam
456 2819 482 2879 ei
504 2829 616 2902 parate,
641 2820 747 2904 quiin
771 2817 887 2882 deserto
911 2817 1046 2894 vehitur3

298 3003 300 3008 .
347 2937 411 3004 Jab
434 2954 479 3005 est
500 2965 609 3006 nomen
632 2943 705 3028 ejus.
740 2942 896 3008 Exsultate
919 2964 1017 3009 ooram
1041 2963 1086 3006 eo.

289 3077 322 3139 (0)
345 3064 434 3130 Ρο100
447 3068 660 3158 orphanorum
683 3081 713 3134 et
734 3068 891 3134 viduarum
915 3069 1025 3134 vindex

345 3190 426 3256 Deus
451 3204 504 3269 est,
528 3196 559 3256 in
583 3197 750 3259 sanctuario
774 3218 830 3259 suo
854 3193 1000 3260 habitans.

289 3327 322 3390 (a)
346 3316 426 3381 Deus
451 3330 504 3395 est,
529 3321 579 3406 qui
604 3319 727 3384 caelibes
750 3318 859 3383 familia
881 3318 1051 3394 circumdat,

346 3440 404 3526 Qui
427 3465 530 3508 servos
555 3447 711 3532 omnigena
733 3446 931 3531 prosperitate
955 3443 1092 3519 cumulat,

345 3567 388 3633 At
410 3582 596 3635 contumaees
619 3572 651 3634 in
674 3569 757 3635 arido
781 3568 897 3634 desorto
921 3569 1138 3654 relinquuntur.
1253 3556 1257 3565 ’

535 3826 745 3870 111111101101111111
760 3826 906 3870 111110οῦ11.

663 3947 747 4000 stropha
764 3945 783 3990 2.

287 4081 320 4144 lt)
343 4069 440 4136 Deus!
465 4093 557 4160 quum
580 4075 675 4137 exires
699 4095 798 4137 eoram
821 4074 935 4160 populo
959 4085 1023 4150 tuo,

346 4195 444 4280 Quum
467 4197 615 4263 incederes
637 4221 692 4286 per
714 4198 872 4276 desertum,

286 4333 320 4396 (t)
345 4322 439 4388 Terra
462 4327 647 4404 contremuit,
673 4327 833 4412 quinetiam
856 4324 968 4390 eaelum
990 4325 1111 4391 stillavit

345 4444 454 4518 Coram
477 4449 541 4517 Deo
566 4453 618 4538 qui
641 4449 678 4515 ad
702 4449 814 4516 Sinaim
839 4450 1008 4540 apparebat,
