3160 5170
705 329 778 400 165

178 542 271 629 hujus
293 541 362 606 libri
378 537 488 624 (xvss,
504 535 558 624 18)
579 539 633 605 ubi
647 541 844 606 lsraelitarum
859 545 920 628 regi
936 545 1118 629 praecipitur
1133 556 1167 607 ut
1183 565 1302 608 »exem-

177 667 261 753 plum
289 665 381 752 hujus
410 665 502 754 legis«
532 661 652 756 (metm
682 659 810 770 ΠᾎἹἎῌ
839 661 1044 769 ΠξῐρᾨἪξ)
1076 666 1302 732 describendum

179 802 275 868 curet,
306 790 343 854 ab
371 791 576 879 autographo,
608 791 691 879 quod
714 790 881 856 sacerdotes
898 761 1101 856 asservarent.
1148 791 1302 880 Significat

179 919 271 1004 igitur
294 937 357 981 vox
377 916 656 982 Deuteronomio„
684 917 759 980 nihil
788 915 869 981 aliud
897 938 986 1003 quam
1016 916 1185 1004 »exemplar
1211 939 1301 982 mauu

177 1045 404 1127 transscriptum
427 1041 505 1106 illius
528 1041 611 1128 legis,
640 1063 729 1128 quam
751 1054 892 1128 tanquam
915 1041 1109 1129 archetypum
1132 1041 1300 1106 sacerdotes

178 1169 210 1230 in
232 1165 342 1254 templo
366 1165 556 1230 tuebantur«
591 1166 630 1231 Et
652 1167 710 1231 hoe
732 1179 922 1254 praeceptum
944 1189 1007 1230 non
1030 1180 1097 1230 ante
1112 1167 1211 1231 losiae
1227 1179 1301 1230 tem·

176 1314 262 1380 pora,
288 1313 381 1379 quum
397 1291 472 1356 liber
486 1293 558 1379 legis
575 1291 672 1356 denuo
689 1294 829 1368 innotuit,
854 1291 986 1356 additum
1002 1305 1087 1378 puto.
1125 1290 1300 1378 Quicunque

176 1431 275 1482 autem
300 1416 381 1481 istud
395 1430 585 1505 praeceptum
601 1419 829 1504 excogitaverit,
853 1439 939 1481 nemo
957 1416 1113 1482 crediderit
1127 1439 1193 1481 eum
1210 1415 1298 1480 ullam

176 1543 262 1608 aliam
285 1543 360 1630 legis
374 1542 524 1608 Mosaicae
546 1546 751 1607 auctoritatem
775 1546 947 1629 agnovisse,
971 1555 1088 1629 praeter
1110 1541 1183 1606 illud
1208 1541 1300 1605 docu-

158 1681 324 1754 mentum,
350 1666 433 1756 quod
454 1681 536 1732 tanta
559 1689 629 1731 cura
652 1680 850 1744 asservatum,
875 1680 957 1732 tanta
973 1667 1031 1733 lide
1050 1667 1229 1754 descriptum
1245 1689 1300 1731 vo·

177 1795 233 1859 luit
256 1791 312 1876 (cs.
334 1794 422 1858 Deut.
441 1793 560 1870 XXXI,
582 1789 742 1874 24-26).
789 1792 838 1856 llle
861 1795 924 1879 ipse
948 1797 1000 1881 qui
1022 1793 1297 1870 Deuteronomium,

178 1919 264 2008 quale
287 1918 326 1984 ael
348 1942 403 1984 uos
426 1922 572 2006 pervenit,
597 1918 776 2006 compilavit,
801 1940 888 2006 quem
904 1919 1031 1983 Hilkiam
1055 1918 1146 1984 luisse
1162 1921 1299 2005 suspicor

176 2041 211 2128 (2
225 2045 300 2132 Reg.
316 2044 416 2121 XXll,
434 2041 483 2126 8),
513 2047 635 2108 unicum
663 2045 743 2108 hunc
766 2057 795 2108 et
817 2047 1023 2131 incorruptum
1047 2043 1158 2109 iontem
1182 2043 1298 2109 divinae

176 2173 372 2235 institutionis
397 2168 623 2235 commendavit.
658 2169 712 2233 Ait
734 2173 824 2245 enim,
850 2169 906 2234 sub
929 2192 1058 2256 persona
1075 2169 1179 2248 Mosis,
1205 2170 1299 2234 »nihil

177 2295 275 2360 addite
297 2299 344 2373 iis,
369 2317 444 2382 quac
460 2295 546 2360 vobis
569 2298 728 2382 praecipio,
753 2317 807 2359 nec
830 2294 992 2382 quidquam
1015 2298 1051 2359 iis
1068 2294 1221 2372 detrahite,
1246 2295 1299 2360 sed

177 2422 346 2510 diligentem
365 2443 484 2507 operam
508 2432 614 2485 navate
635 2420 750 2508 legibus
767 2420 897 2484 lehovae
912 2419 967 2483 Dei
983 2423 1088 2496 vestri,
1114 2442 1187 2506 quas
1210 2420 1297 2485 vobis

171 2550 235 2634 jam
257 2569 426 2634 exponam«
451 2542 552 2629 (Dent.
568 2546 619 2623 lV,
638 2541 681 2628 2).
716 2544 862 2632 Equidem
885 2566 947 2608 non
962 2544 1071 2608 infitias
1087 2547 1189 2610 iverim
1205 2546 1299 2610 multa

176 2696 239 2739 esse
261 2676 293 2737 in
316 2672 461 2738 hodierno
478 2672 722 2749 Deuteronomio,
748 2693 823 2759 quae
847 2674 988 2734 seriorem
1010 2691 1128 2734 manum
1151 2669 1296 2758 prodant3

175 2799 319 2864 nonnulla
341 2819 405 2863 esse
427 2802 458 2862 in
472 2797 592 2875 Exodo,
618 2819 693 2884 quae
717 2796 755 2860 ad
777 2799 983 2884 antiquissima
997 2809 1132 2882 tempora
1146 2795 1298 2862 reserenda

77 2939 81 2944 '
175 2929 249 3001 sint,
274 2925 444 3011 praesertim
467 2923 542 2987 illud
564 2923 746 3010 llpinicium,
772 2921 855 3010 quod
878 2921 917 2986 ad
933 2922 1126 2988 lasharauam
1149 2922 1297 2988 collectio·

175 3073 241 3116 nem
265 3047 428 3114 amandavi.
477 3047 539 3114 Sed
562 3051 587 3112 si
610 3047 649 3112 ad
670 3047 851 3135 Decalogum
875 3061 1057 3136 spectamus,
1091 3052 1142 3136 qui
1164 3053 1296 3114 intimam

173 3176 246 3264 legis
269 3175 419 3239 Mosaieae
447 3172 604 3241 medullam
633 3176 778 3251 continet,
809 3177 904 3238 ausim
927 3173 1071 3240 affirmare
1095 3175 1210 3240 nullum
1233 3197 1296 3242 esse

174 3300 409 3388 autographum,
433 3302 491 3364 nisi
514 3298 588 3363 illud
611 3299 694 3386 quod
716 3302 746 3363 iu
766 3302 859 3386 capite
876 3303 980 3387 quinto
997 3300 1221 3366 Deuteronomii
1235 3322 1296 3366 mc-

173 3428 285 3490 moriae
305 3424 441 3502 traditur,
467 3425 587 3489 alteram
606 3437 703 3489 autem
719 3427 894 3500 versionem,
919 3445 1007 3510 quam
1021 3424 1148 3489 Euodus
1165 3424 1294 3504 exhibet,

173 3554 358 3639 inquinatam
385 3572 449 3614 esse
478 3563 567 3638 atque
596 3550 803 3638 interpolatam
827 3570 844 3612 a
865 3549 1073 3614 Masorethicis
1097 3550 1295 3637 Leviticisquc
1391 3579 1392 3584 ¹

173 3677 288 3754 scribis,
313 3680 365 3763 qui
387 3698 496 3740 novam
519 3679 677 3764 septenarii
700 3673 824 3740 Sabbati
848 3679 992 3740 rationem
1016 3675 1199 3741 effinxerunt.

261 3803 394 3868 Primum
422 3805 498 3868 euim
527 3823 674 3898 nusquam
697 3801 796 3865 Exodi
820 3801 1003 3888 significatur
1026 3802 1124 3868 decem
1147 3802 1292 3880 mandata,

174 3928 272 4015 qualia
299 3931 331 3991 in
361 3931 455 4015 capite
478 3930 616 3992 vicesimo
647 3926 839 4003 exhibentur,
871 3948 904 3992 ea
932 3931 997 4014 ipsa
1021 3926 1111 3992 verba
1134 3932 1293 4005 continere,

173 4076 249 4142 quae
278 4053 360 4117 Deus
392 4052 501 4116 tabulis
534 4053 657 4140 lapideis
689 4053 735 4116 bis
770 4052 964 4139 insculpenda
997 4056 1143 4117 curaverit
1177 4049 1292 4136 (Exod.

171 4177 303 4255 XXXll,
325 4175 363 4242 15
381 4200 446 4266 sqq.
475 4177 617 4255 XXXlV,
637 4174 678 4261 l).
724 4177 767 4284 dt
790 4182 867 4242 enim
891 4199 976 4254 vero,
1008 4178 1044 4241 de
1068 4176 1207 4265 decalogo
1231 4177 1291 4255 illo,

174 4307 225 4391 qui
254 4307 285 4368 in
314 4307 409 4391 eapite
433 4307 538 4392 quinto
562 4304 787 4370 Deuteronomii
809 4303 952 4380 traditur,
984 4302 1091 4366 diserte
1115 4302 1293 4368 declaratur:

174 4429 266 4528 plraec
280 4429 371 4498 verba
392 4429 511 4496 locutus
536 4443 580 4497 est
595 4430 710 4497 Jehova
734 4431 771 4496 ad
795 4451 910 4496 omnem
932 4428 1150 4496 multitudinem
1165 4443 1293 4496 vestram
