3152 5160
684 369 731 440 61

601 467 817 489 .,.-....-...

147 599 210 642 non
233 589 332 641 tamen
354 575 462 642 idcirco
487 580 518 641 in
540 577 622 642 lucro
645 583 750 667 posuit
763 580 859 644 Deum
883 579 1086 666 aequiparare,
1111 577 1163 642 sed
1186 581 1270 643 exuit

149 701 322 790 dignitatem
351 723 451 781 suam,
484 702 630 768 etlactus
655 717 784 770 estnon
806 703 896 768 modo
920 704 1026 782 homo,
1057 707 1268 769 verumetiam

149 848 269 906 servus,
302 837 331 892 et
359 828 492 892 servilem
523 841 648 894 mortem
678 828 826 894 occubuit.
871 827 942 894 Inde
971 829 1008 893 ad
1037 849 1168 894 summos
1196 828 1269 892 coeli
1323 888 1325 892 .

148 945 283 1018 honores
308 953 518 1019 humanitatem
543 975 627 1020 suam
650 958 778 1020 evexit«
824 954 895 1033 Hic,
926 966 962 1018 ut
984 953 1068 1030 alibi,
1097 953 1134 1017 D.
1157 954 1268 1018 Paulus

116 1058 120 1064 Ι
147 1077 298 1145 Adamum
321 1092 349 1144 et
374 1077 526 1182 Cltristum
549 1093 700 1167 comparat
722 1093 751 1144 et
774 1081 934 1145 contendit.
974 1078 1073 1163 Quum
1096 1082 1172 1143 enim
1187 1078 1269 1144 Ada-

148 1227 216 1268 mus
239 1217 354 1270 creatus
378 1219 455 1272 esset
478 1205 515 1269 ad
536 1209 692 1294 imaginem
714 1205 770 1270 Dei
793 1199 880 1288 (Gen.
896 1204 922 1282 Ι,
941 1200 1006 1287 27),
1032 1225 1123 1292 quum
1145 1207 1268 1269 vetitum

149 1328 293 1408 fructum,
318 1341 459 1418 tanquam
483 1317 591 1406 ἄνθοξ
611 1328 785 1416 ἁρπαλέον,
809 1330 913 1418 cupide
936 1331 1122 1416 arripuisset,
1146 1352 1269 1417 persua·

149 1476 201 1520 sus
226 1455 330 1520 oeulos
354 1478 428 1519 suos
451 1469 586 1544 apertum
609 1460 659 1534 iri,
683 1456 807 1544 Deoque
831 1457 952 1520 similem
976 1454 1171 1533 soluturum,
1196 1453 1269 1520 boni

149 1593 180 1644 et
207 1580 276 1644 mali
304 1579 513 1669 intelligentem
538 1577 631 1664 (Gen.
653 1581 704 1658 Ill,
729 1576 777 1663 5),
808 1601 899 1668 quum
928 1581 1068 1668 denique,
1098 1579 1266 1657 hortano,

149 1727 188 1771 ex
199 1705 309 1772 Edonis
324 1711 459 1793 pomario
476 1729 590 1773 summa
604 1709 767 1795 ignominia
782 1707 924 1795 expulsus
941 1718 1019 1770 esset
1033 1701 1120 1788 (Gen.
1132 1705 1183 1782 ΠΙ,
1201 1700 1266 1787 25),
1361 1719 1370 1732 ·

148 1836 268 1897 maritas
291 1836 411 1898 insanae
435 1836 618 1922 arrogantiae
633 1855 745 1920 poenas
762 1831 818 1897 sibi
834 1825 1007 1896 conciliavit
1045 1829 1157 1898 Contra
1172 1843 1268 1896 autem

151 1954 304 2036 Christus,
335 1981 398 2023 non
420 1957 468 2024 ille
491 1959 610 2046 quidem
634 1969 754 2024 creante
776 1957 814 2024 ad
835 1962 990 2047 imaginem
1013 1957 1082 2035 Dei,
1107 1956 1212 2021 sedin
1235 1977 1269 2020 ea

148 2086 276 2172 imagine
299 2083 336 2149 ah
360 2089 444 2150 initio
470 2087 599 2150 cautem
622 2080 675 2166 (ἐν
697 2084 807 2177 μορφῇ
829 2084 914 2150 θεοῦ
936 2077 1158 2166 ὕπαρχον),
1187 2082 1267 2149 ultro

150 2231 181 2274 se
210 2213 375 2274 exinanivit
403 2223 491 2298 atquc
519 2209 667 2276 abdicavit
693 2209 793 2275 divina
816 2233 870 2275 sua
892 2213 1057 2297 majestate,
1089 2222 1118 2273 ct
1140 2209 1195 2272 hac
1218 2208 1269 2272 de-

150 2338 289 2400 missione
320 2336 461 2423 majorem
490 2336 562 2414 sihi,
594 2339 645 2424 qui
667 2359 728 2400 non
751 2335 849 2400 modo*
865 2335 962 2413 Deus,
993 2334 1045 2400 sed
1068 2336 1154 2400 etiam
1176 2334 1267 2397 homo

151 2473 243 2538 essct,
278 2461 403 2548 gloriam
438 2483 471 2525 ac
498 2462 682 2549 triumphum
713 2463 877 2548 acquisivit.
925 2459 1015 2545 Quod
1042 2461 1180 2545 primitus
1208 2471 1267 2521 tam

152 2583 268 2652 diversa
296 2600 394 2651 essent
422 2587 590 2652 conditione
622 2590 706 2674 prior
733 2585 781 2650 ille
809 2599 838 2650 et
867 2586 940 2650 alter
969 2585 1117 2661 Adamus,
1153 2582 1199 2660 id,
1234 2595 1269 2646 ut

150 2711 245 2799 probe
267 2716 422 2800 perspexit
443 2711 625 2800 Apostolus,
656 2713 897 2800 discrepantiam,
923 2733 997 2800 quae
1019 2715 1050 2776 in
1072 2711 1128 2776 hac
1151 2733 1269 2798 compa·

149 2841 265 2902 ratione
287 2851 431 2915 versatur,
457 2851 563 2930 augeat
585 2821 702 2904 necesse
725 2850 779 2903 cst.
825 2839 913 2903 Prior
935 2836 1082 2914 Adamas,
1106 2849 1142 2901 ut
1164 2837 1269 2901 anirnal
1372 2841 1374 2846 '

148 2966 265 3028 ratione
294 2961 475 3050 praeditum,
505 2964 600 3028 Deum
631 2975 790 3029 creatorem
814 2968 910 3051 specie
934 2961 1061 3051 quadam
1084 2975 1113 3027 et
1135 2963 1269 3028 similitu·

150 3088 219 3153 dina
248 3089 448 3169 adumbravit;
479 3089 566 3176 lesus
596 3104 692 3155 autem
717 3089 773 3155 luit
796 3082 998 3173 ἀπαύγασμα
1020 3089 1074 3174 τῆς
1098 3087 1194 3173 δόξης
1216 3090 1270 3152 καὶ

148 3208 316 3301 χαρακτὴρ
339 3215 393 3300 τῆς
415 3207 621 3292 ὑποστάσεως
643 3211 743 3280 αὐτοῦ
766 3211 817 3298 (ad
839 3215 930 3280 Hebr.
954 3215 983 3292 l,
1001 3211 1049 3297 3):
1082 3219 1166 3301 prior
1188 3213 1269 3278 Ada-

148 3363 217 3406 mus
249 3353 363 3406 creatus
387 3353 446 3420 est;
475 3341 562 3406 lesus
587 3353 684 3406 autem
707 3341 808 3406 »Deus
833 3341 868 3406 de
891 3341 955 3406 Deo
979 3344 1095 3429 genitus
1119 3351 1177 3415 est,
1208 3361 1269 3402 non

149 3465 283 3532 lactum:
310 3469 395 3554 prior
416 3467 550 3532 Adamus
574 3466 698 3546 ἐγένετο
722 3467 766 3542 εἰς
789 3463 900 3555 ψυχὴν
924 3463 1040 3542 ζῶσαν,
1063 3465 1149 3528 Jesus
1173 3475 1269 3527 autem

149 3593 196 3668 εἲς
219 3591 347 3676 πνεῦμα
370 3589 546 3666 ζωοποιοῦν
570 3589 600 3675 (l
620 3591 690 3658 Cor.
706 3592 775 3670 XV,
793 3589 867 3673 45);
896 3591 1021 3680 denique
1044 3593 1128 3677 prior
1150 3589 1211 3666 illc,
1235 3599 1271 3652 ut

148 3717 233 3782 Deus
256 3717 353 3795 fieret,
378 3723 546 3807 arrogantia
560 3741 615 3782 sua
630 3721 729 3782 omnia
744 3715 889 3804 perdidit3
913 3717 1009 3795 Jesus,
1035 3721 1086 3803 qui
1101 3715 1181 3779 Deus
1198 3724 1269 3792 crat,

149 3843 316 3908 humilitate
341 3829 395 3908 sua
417 3843 511 3909 iactus
535 3845 626 3908 homo
651 3847 787 3908 amissam
811 3843 939 3907 hominis
963 3842 1127 3907 felicitatem
1149 3863 1271 3926 recupe-

150 3973 238 4034 ravit.
283 3968 385 4057 ltaque
420 3970 581 4035 secundum
609 3970 751 4058 Apostoli
779 3981 904 4038 mentem
932 3972 1045 4056 primus
1074 3967 1121 4032 ille
1151 3965 1271 4031 humani

149 4098 264 4184 pcccati
287 4107 391 4161 auctor
413 4093 502 4160 fuerit
525 4099 611 4184 quasi
627 4095 731 4174 Titan,
757 4099 810 4183 qui
833 4096 905 4161 coeli
927 4116 1030 4159 muros
1054 4091 1218 4167 scanderet,
1243 4102 1272 4156 ct

150 4219 207 4286 Dei
237 4216 433 4305 αὐτονομίαν
461 4221 518 4286 sihi
541 4221 745 4286 vindicandam
774 4232 901 4309 putaret.
948 4219 991 4284 At
1018 4221 1108 4295 enim,
1138 4229 1173 4282 ut
1195 4228 1272 4282 recte

153 4345 326 4413 observavit
347 4347 375 4411 J.
390 4347 426 4411 P.
442 4346 476 4410 F.
494 4346 626 4426 Richter,
651 4350 697 4412 vir
720 4347 939 4423 celeberrimus,
971 4349 1022 4431 qui
1046 4344 1081 4412 de
1104 4344 1163 4409 hoc
1185 4366 1272 4432 argu·
1347 4343 1348 4348 ’

151 4485 252 4538 mento
283 4485 384 4540 notam
410 4473 489 4539 illam
512 4471 641 4540 fabulam
664 4475 832 4552 contexuit,
863 4473 1032 4561 οοίοοοοοο
1056 4471 1169 4538 οοοΙοιο
1192 4474 1222 4538 vi
1244 4482 1273 4535 et
