3172 5186
647 389 859 504 Q

190 597 333 666 Calvinus
363 598 511 686 loquitur,
545 597 699 662 »nonnihil
723 619 740 662 a
762 602 892 685 genuino
917 622 1006 666 seusu
1030 601 1088 667 hoc
1109 606 1310 670 testimonium

189 723 346 789 detorsio·
380 722 454 789 Nam
479 744 571 810 quum
595 725 692 788 versio
717 725 1005 812 septuagintaviralis
1031 725 1153 792 habeat:
1183 723 1312 811 ἀναβὰς

189 849 235 924 εἰς
263 845 351 936 ὕψος
379 841 629 939 ᾗχμαλωτεύσας
664 845 901 930 αἰχμαλωσίαν,
936 845 1078 931 ἔλαβες
1115 850 1242 935 δόματα
1275 853 1311 918 ἰν

189 967 396 1059 τίνθραίποτς,
430 971 598 1058 Apostolus
631 972 707 1036 hauc
736 975 904 1038 citationem
933 975 1074 1060 protulit:
1109 967 1237 1059 οἷναβᾶς
1266 979 1311 1053 εἰς

188 1097 277 1183 ὕψος
311 1091 556 1188 ᾐχμαλώτευσεν
591 1095 814 1179 αἰχμαλωσίαν
848 1101 902 1160 καὶ
936 1095 1059 1162 ἔδωκε
1089 1098 1215 1182 δόματα
1244 1112 1310 1179 τοίς

188 1216 391 1304 ἀνθρώποις.
438 1219 517 1304 Quid
546 1220 649 1284 volens
683 1225 725 1284 ita
758 1220 873 1300 lecerit,
911 1225 1008 1287 variae
1042 1237 1112 1288 sunt
1141 1227 1307 1312 opiniones.

187 1347 354 1412 Verisimile
383 1358 427 1410 est
455 1357 526 1410 tuno
554 1348 696 1432 temporis
719 1345 850 1412 ludaeos
880 1348 1018 1412 traditam
1046 1347 1102 1414 sibi
1130 1349 1221 1436 hujus
1249 1351 1308 1416 loci

185 1475 459 1559 interpretationem
493 1474 656 1557 accepisse,
693 1492 782 1557 quam
809 1471 916 1536 Petrus
946 1491 1066 1559 quoque
1096 1487 1214 1538 secutus
1243 1497 1307 1541 esse

186 1596 306 1662 videtur
329 1599 360 1660 in
374 1595 458 1660 Actis
474 1593 615 1682 Apostol.
631 1595 670 1672 ll,
689 1593 747 1659 33:
771 1595 809 1685 τῇ
833 1594 926 1678 δεξιᾷ
940 1590 1000 1660 οὖν
1015 1597 1072 1662 τοῦ
1088 1599 1172 1662 θεοῦ
1195 1595 1307 1684 ὑψω-

186 1724 277 1797 θεὶς
304 1719 363 1806 τη’ν
390 1743 424 1784 τε
452 1717 647 1800 ἐπαγγελίαν
675 1719 732 1784 τοῦ
759 1719 942 1803 πνεύματος
972 1721 1030 1784 τοῦ
1051 1718 1144 1801 ἁγίου
1171 1719 1307 1806 λαβών

185 1839 277 1932 παρὰ
300 1847 358 1909 τοῦ
378 1840 500 1930 πατρδς
523 1843 680 1926 ἐξέχεεν
695 1843 788 1908 τοῦτο
805 1841 825 1908 d
840 1841 930 1928 ὑμεῖς
944 1844 1078 1927 βλέπετε
1094 1851 1148 1910 ναὶ
1163 1844 1305 1913 ἀκούετε.

185 1969 246 2037 Sed
268 1982 400 2056 praestat
422 1970 580 2036 concedere
596 1968 771 2056 Apostolos,
797 1983 831 2035 ut
853 1993 930 2057 quos
954 1970 1071 2036 afflatus
1095 1976 1305 2059 praesentioris

185 2095 239 2160 Dei
273 2098 430 2172 animaret,
465 2095 533 2181 plus
568 2095 746 2160 intellexisse
780 2117 868 2182 quam
896 2096 985 2161 nobis
1015 2099 1155 2162 innotuit.
1202 2097 1304 2186 Neque

184 2220 314 2285 Ecclesia
335 2232 450 2297 nostra,
477 2241 569 2306 quum
591 2221 672 2284 hunc
692 2220 842 2285 Psalmum
865 2221 1062 2286 Pentecostali
1083 2222 1233 2309 Liturgiae
1257 2245 1305 2290 ac·

185 2344 428 2422 commodaverit,
464 2344 660 2410 existimanda
693 2357 738 2410 est
771 2345 879 2409 idcirco
913 2349 1109 2432 pronunciare
1139 2347 1228 2412 ullam
1257 2369 1304 2414 re-

183 2473 377 2559 pugnantiam
405 2469 583 2536 intercedere
607 2473 683 2534 inter
707 2469 819 2535 Christi
841 2473 1040 2534 ascensionem
1065 2484 1094 2534 et
1117 2471 1210 2536 divini
1234 2471 1304 2560 Spi-

184 2597 258 2661 ritus
281 2595 454 2672 adventum,
489 2593 729 2682 quandoquidem
753 2595 891 2659 alteruter
914 2607 1036 2658 eventus
1060 2596 1193 2660 alterutri
1217 2601 1304 2684 quasi

184 2722 274 2786 altera
297 2732 441 2806 exparte
463 2719 652 2806 respondeat.
694 2717 768 2784 Nam
791 2719 884 2784 Filius
908 2719 946 2783 ad
967 2687 1085 2785 Patrem
1108 2720 1243 2788 accendit
1266 2744 1300 2788 eo

185 2847 323 2922 consilio,
355 2858 389 2908 ut
415 2841 474 2910 έοίν
496 2867 543 2920 τις
566 2836 691 2935 ἆμοίρτη
714 2841 975 2930 παράκλητον
998 2840 1120 2929 ἔχωμεν
1142 2842 1224 2931 πρδς
1244 2841 1303 2912 τὸν

183 2972 307 3055 πατέρα
318 2965 438 3055 Ἰησοῦν
453 2965 598 3054 Χριστὸν
616 2968 742 3034 δίκαιον
766 2964 797 3052 (1
815 2969 923 3034 loano.
938 2969 979 3046 Il,
1000 2966 1047 3052 l);
1072 2983 1101 3036 et
1116 2969 1247 3057 Spiritus
1264 2972 1303 3038 ad

182 3095 340 3161 Ecclesiam
373 3093 538 3171 descendit,
575 3097 716 3182 quoniam
744 3094 831 3160 lesus
866 3098 929 3181 ipse
957 3095 1106 3182 pollicitus
1140 3108 1200 3160 cst:
1239 3090 1300 3175 ἐγώ

183 3213 329 3304 ἐρωτήσω
358 3214 413 3283 τὸν
441 3222 567 3305 πατέρα
596 3224 652 3282 καὶ
681 3218 782 3284 ἄλλον
811 3218 1070 3306 παράκλητον
1098 3219 1192 3284 δοίσετ
1214 3218 1299 3304 ὑμίν,

183 3349 239 3411 ἵνα
267 3346 346 3435 μένη
375 3337 457 3428 μεθ’
473 3341 563 3429 ὑμῶν
591 3344 636 3418 εἰς
664 3339 722 3409 τδν
744 3343 849 3408 αἰῶνα
872 3342 992 3426 (loann.
1007 3343 1088 3421 XlV,
1109 3342 1173 3428 15).
1218 3346 1299 3434 Ergo

184 3470 243 3535 duo
274 3482 345 3535 sunt
371 3467 570 3555 παράκλητοτ
594 3470 656 3534 sive
679 3469 816 3534 advocati
838 3482 868 3532 et
889 3471 1009 3555 patroni
1030 3467 1190 3546 Ecclesiae,
1221 3491 1299 3534 unus

183 3599 234 3684 qui
258 3617 374 3660 sarisam
397 3607 529 3660 nostram
553 3616 651 3660 coram
673 3594 761 3659 Patre
784 3598 860 3682 agit,
891 3594 964 3658 alter
987 3597 1038 3680 qui
1061 3615 1179 3658 causam
1201 3593 1298 3660 Patris

182 3722 296 3809 agitio
319 3723 429 3785 nostris
451 3724 585 3807 ipsorum
608 3722 723 3784 anunis.
763 3718 846 3786 Unde
871 3718 1015 3784 dedicatio
1039 3719 1089 3784 illa
1111 3719 1191 3784 aedis
1210 3717 1298 3785 Solo·

181 3867 302 3910 moneae
325 3857 384 3910 tam
404 3844 443 3909 ad
459 3843 570 3909 Christi
585 3848 799 3922 ascensionem,
826 3865 914 3932 quam
929 3845 967 3909 ad
982 3845 1125 3910 Paracleti
1140 3845 1298 3910 adventum

182 3972 267 4059 quasi
294 3982 368 4057 typo
393 3973 581 4057 prospexerit
603 3991 721 4034 necesse
744 3983 798 4035 est.
831 3970 891 4035 lllic
914 3974 990 4034 enim
1015 3968 1152 4036 Christus
1175 3973 1206 4034 in
1231 3990 1298 4035 eoc-

180 4097 252 4161 leste
275 4107 305 4159 et
327 4099 537 4182 sempiternum
560 4096 701 4181 templum
725 4099 875 4183 ingressus
899 4108 956 4172 est,
981 4110 1016 4160 ut
1038 4109 1114 4160 recte
1131 4097 1297 4160 ascensioni

181 4219 370 4286 celebrandae
385 4220 514 4285 Ecclesia
530 4220 681 4284 Psalmum
703 4223 877 4308 vigesimum
900 4233 1039 4306 quartum
1062 4221 1210 4307 selegerit,
1235 4241 1295 4308 quo

181 4347 391 4412 exclamamus:
415 4345 575 4423 »attollite
601 4367 619 4410 o
635 4359 754 4433 portae,
780 4349 875 4432 capita
890 4358 989 4410 vestra
1004 4358 1032 4412 et
1048 4345 1200 4411 elevamini
1216 4343 1294 4412 fores

180 4484 329 4553 aeternae,
353 4483 384 4540 et
397 4471 534 4540 introibit
546 4471 614 4540 Rex
628 4472 809 4564 gloriosus«
838 4471 894 4538 Hic
908 4484 1006 4539 autem
1021 4469 1151 4563 Spiritus
1167 4469 1295 4542 Sanctus
