3166 5178
827 365 878 415 Xll

1354 469 1411 508 rso.

298 547 347 616 oui
359 548 487 604 hIatthaco
508 548 665 619 objiciuntur
683 567 791 615 errores,
811 567 856 604 eos
874 548 986 604 tortasse
1003 550 1134 621 interpreti
1147 549 1242 604 Craeco
1256 550 1342 606 deberi
1379 550 1413 606 15

295 654 596 711 blasoretbicusVetcrIs
610 656 769 711 Testamenti
783 656 884 711 Textua
902 673 971 711 mera
989 656 1126 711 traditione
1144 658 1261 711 innititur
1291 697 1298 710 .
1335 697 1341 710 .
1378 655 1413 711 17

296 761 349 816 Ista
367 763 470 817 traditio
489 781 523 818 cx
542 762 728 835 antiquioribus
747 762 820 816 libris
839 762 1022 834 compilabatur
1031 801 1341 816 ........
1378 759 1414 817 18

296 867 438 941 lielligiosa
451 869 551 924 Veteris
567 871 726 926 Testamenti
745 869 858 924 Medulla
876 870 902 923 in
921 869 987 924 libro
1006 872 1117 926 Jaetar
1135 871 1311 926 continebatur
1335 908 1342 922 .
1379 866 1413 924 19

764 1055 881 1115 CAPIT.
904 1055 950 1113 IV.

296 1189 366 1244 Duae
386 1190 517 1244 dumtaxat
534 1191 606 1246 Libri
624 1190 759 1246 Jasharani
778 1193 912 1246 citationes
945 1229 1341 1244 ..........
1377 1188 1414 1245 20

295 1296 387 1351 Variae
407 1298 540 1368 opiniones
560 1298 591 1352 de
610 1298 681 1354 Libri
699 1296 775 1352 titulo
813 1336 1341 1350 .............
1378 1294 1414 1350 20

295 1403 380 1458 Voces
399 1406 467 1495 'otgjp
483 1413 508 1458 et
526 1413 603 1502 '7³33
621 1405 674 1461 iere
693 1421 853 1478 synonymae
901 1443 1342 1456 ...........
1377 1401 1411 1458 21

297 1508 427 1564 Israelitas
445 1520 551 1566 vocatos
571 1529 628 1566 csse
646 1513 791 1566 catervatim
811 1511 877 1601 pipp
903 1549 1341 1563 ...........
1377 1508 1414 1564 22

297 1615 366 1670 Idem
387 1625 487 1671 constat
505 1619 536 1672 de
554 1621 658 1673 nomine
677 1619 766 1715 1in
775 1655 1343 1670 ..............
1379 1613 1414 1671 23

296 1723 394 1778 Nomen
414 1705 523 1815 &paphos
542 1725 573 1778 ad
590 1725 700 1779 radicem
716 1723 839 1814 ppjpvel
859 1725 935 1813 wag
953 1723 1113 1779 referendum
1133 1741 1211 1779 esse.
1249 1763 1255 1774 .
1293 1762 1299 1774 .
1336 1762 1342 1775 .
1378 1719 1414 1776 23

296 1829 374 1885 Liber
392 1834 460 1921 'iffi
476 1806 559 1903 qualia
578 1831 656 1886 inerit
674 1849 707 1886 ex
725 1833 750 1886 vi
767 1830 888 1886 termini?
904 1868 1343 1882 ...........
1379 1826 1414 1882 21

773 2015 890 2075 CAPIT.
909 2015 944 2072 V.

298 2149 372 2205 Felix
391 2149 564 2205 Israelitarum
584 2159 666 2205 status
685 2160 806 2224 regnante
825 2151 966 2206 Solomone
991 2184 1343 2202 .........
1379 2145 1414 2201 25

298 2257 408 2310 Litteras
427 2265 453 2312 ct
470 2257 630 2330 relligionem
649 2266 709 2312 tunc
727 2259 850 2330 temporis
868 2259 983 2330 viguisse
993 2294 1343 2309 .........
1379 2251 1415 2308 26

300 2363 413 2428 Quanam
431 2366 530 2418 ratione
550 2366 650 2419 ostendi
669 2367 754 2436 poenit
771 2367 874 2419 tibrum
886 2367 1044 2418 Proditatic
1062 2361 1204 2418 Solomone
1222 2341 1344 2434 regn'ante

335 2470 429 2525 editum
450 2471 525 2525 esse?
558 2507 1345 2524 ...................
1380 2464 1415 2520 26

299 2577 407 2632 Ubinam
425 2577 521 2633 lateant
539 2578 644 2648 disjecta
664 2579 722 2632 libri
739 2579 875 2633 dasbarani
893 2579 1016 2664 membra⁸
1035 2613 1344 2630 ........
1380 2571 1415 2628 27

301 2683 402 2756 Septem
422 2684 481 2738 libri
499 2687 574 2740 istius
593 2695 676 2756 partes
691 2720 1345 2739 ................
1380 2677 1416 2736 28

300 2789 484 2862 Argumentum
504 2809 642 2846 enumero
662 2794 804 2864 septenario
821 2826 1345 2845 .............
1380 2784 1414 2842 31

763 2976 879 3036 CAPIT.
898 2977 944 3035 Vl.

299 3110 368 3165 Nthl
390 3111 495 3181 majoris
513 3113 634 3166 momenti
654 3129 710 3167 esse
729 3131 803 3184 quam
822 3115 848 3166 iu
867 3115 979 3167 intimam
1000 3112 1056 3168 S.S.
1074 3108 1283 3184 signibcationem
1302 3127 1346 3181 pc·

335 3227 434 3273 netrarc
472 3256 1344 3273 .....................
1380 3213 1415 3272 32

300 3325 369 3379 liuas
389 3343 446 3379 csse
464 3323 654 3397 relligiosorum
675 3326 805 3380 hominum
824 3326 961 3392 factiones,
981 3328 1023 3396 qui
1042 3325 1131 3397 plenae
1151 3324 1206 3379 S.S.
1221 3326 1345 3394 interpre-

336 3433 427 3486 tationi
446 3431 613 3486 adversantur
650 3470 1345 3486 .................
1381 3427 1417 3486 32

299 3537 335 3592 Ut
358 3547 447 3609 putant
472 3539 639 3606 dissidentes,
663 3541 689 3592 in
714 3558 743 3594 co
768 3549 851 3594 tamen
872 3539 1036 3594 consentiunt
1054 3538 1124 3609 quod
1143 3537 1300 3610 relligionem
1321 3545 1346 3590 ct

335 3643 391 3699 S.S.
411 3654 574 3716 corrumpant
605 3684 1345 3701 ..................
1381 3641 1416 3700 33

300 3749 405 3805 Summa
424 3751 602 3824 phiIoaopbiae
621 3755 646 3806 in
666 3753 795 3826 theologia
814 3754 924 3827 dignitas
950 3789 1345 3806 ..........
1381 3748 1417 3806 31

301 3856 433 3912 Sententia
452 3857 590 3912 Clementis
610 3887 642 3898 -
662 3863 856 3928 ignorantiam
874 3860 965 3915 ethnici
986 3863 1238 3927 essm-opinionem
1257 3857 1346 3912 haere-

335 3965 393 4029 tici,
411 3970 560 4021 scientiam
579 3975 663 4020 antem
681 3984 755 4020 verae
774 3965 901 4021 Ecclesiae
907 4003 1345 4019 ...........
1381 3961 1417 4019 31

300 4069 454 4126 bliscrahilis
473 4071 675 4127 Christianorum
694 4074 760 4126 inter
779 4090 806 4126 sc
825 4072 951 4127 dissensio
992 4110 1346 4125 .........
1382 4067 1417 4126 31

301 4178 453 4232 Polemicam
472 4178 627 4252 theologiam
648 4195 662 4232 a
680 4179 709 4232 u.
722 4178 803 4233 Paulo
822 4177 978 4233 interdictam
998 4197 1055 4234 esse
1081 4214 1345 4232 .......
1381 4173 1417 4232 31

303 4281 369 4349 Quid
389 4285 467 4354 hujus
485 4286 644 4340 tractationis
663 4291 752 4340 auctor
770 4283 939 4356 profiteatur?
949 4322 1344 4338 ..........
1380 4279 1415 4338 35

752 4448 963 4459 ———-
