3152 5160
684 371 733 442 95

602 471 814 482 —--——--

100 555 308 670 ‘ffssgxffilffil
332 579 518 668 Vocavitquc
541 603 648 660 nomen
671 581 728 644 loci
751 582 829 646 illius
851 581 969 666 Peor'el,
994 582 1105 648 dicens:

331 705 419 771 »Vidi
443 705 538 771 Deum
561 705 633 772 lacie
656 705 694 769 ad
717 705 831 782 faeiem,
857 719 1004 770 ettamen
1027 711 1114 772 vivus
1138 710 1246 772 evasi«

601 917 813 924 ῃ*-

190 1131 555 1210 COMMENTARIUS
584 1133 631 1209 lN
659 1133 908 1231 QUATMRNA
935 1099 1229 1210 FRAGMENTA.

653 1329 759 1336 m„—

237 1454 298 1516 Has
320 1452 470 1540 relliquias
492 1454 575 1518 nolui
599 1455 703 1519 eodem
727 1454 830 1520 ordine
848 1455 1004 1533 exhibere,
1029 1476 1089 1544 quo
1105 1477 1154 1519 cas
1170 1454 1266 1520 scriba

145 1579 322 1643 Masoraeus
346 1582 442 1642 textui
465 1601 521 1642 suo
545 1582 678 1644 inseruit.
717 1580 894 1645 Accuratior
916 1584 993 1645 enim
1015 1602 1112 1644 rerum
1134 1583 1266 1666 ipsarum

146 1703 346 1767 consideratio
376 1726 432 1767 nos
457 1703 605 1781 edocebit,
638 1709 760 1792 opinor,
791 1705 952 1793 legitimum
976 1704 1110 1770 ordinem
1131 1704 1266 1769 nonnihil

146 1831 334 1893 immutatum
363 1849 441 1906 esse,
473 1841 502 1892 et
529 1828 754 1916 Fragmentum,
784 1829 867 1916 quod
895 1833 925 1893 in
952 1841 1039 1894 textu
1064 1829 1265 1894 Masorethico

146 1952 311 2017 secundum
332 1965 391 2030 est,
417 1952 553 2019 debuisse
576 1975 680 2042 agmen
703 1955 819 2020 ducere.
858 1952 1035 2021 Universum
1057 1967 1155 2020 autern
1177 1975 1266 2042 argu·

146 2090 279 2142 mentum
300 2078 359 2142 hoc
382 2091 436 2142 cst.
480 2075 581 2165 Usque
604 2101 621 2142 a
642 2080 813 2166 primordiis
836 2080 940 2144 mundi
961 2082 992 2144 in
1015 2103 1050 2144 eo
1074 2101 1105 2144 se
1128 2078 1266 2144 laboran-
1303 2149 1321 2162 ,

147 2215 205 2267 tem
229 2201 367 2268 exhibuit
387 2202 476 2268 Pater
497 2215 600 2268 noster
624 2201 783 2282 Coelestis,
815 2217 850 2271 ut
872 2205 1001 2269 divinam
1023 2205 1102 2269 illam
1124 2208 1155 2269 in
1177 2202 1265 2269 nobis
1300 2260 1304 2280 ,

145 2327 362 2415 redintegraret
383 2330 538 2416 imaginem
561 2331 593 2392 in
616 2351 675 2417 qua
696 2329 902 2416 protoplastos
927 2344 1089 2406 creaverat,
1113 2343 1148 2393 ut
1164 2351 1265 2394 omnes

147 2453 284 2517 homines
307 2457 412 2518 iterum
434 2453 608 2540 postliminii
626 2455 694 2539 jure
718 2454 756 2517 ad
778 2453 900 2518 hortum
922 2454 1091 2518 deliciarum
1115 2449 1213 2558 (ψ)
1237 2467 1267 2518 et

147 2577 185 2642 ad
216 2591 407 2664 conspectum
428 2578 483 2642 Dei
508 2553 657 2672 (Metilia)
680 2577 823 2654 redirent,
853 2578 962 2642 scilicet
986 2591 1021 2641 ut
1038 2579 1134 2664 probi
1157 2572 1264 2680 (ἾΨΞ)

148 2703 248 2767 denuo
272 2703 420 2768 fieremus.
459 2703 493 2766 ld
515 2716 549 2767 ut
571 2673 715 2783 humanae
738 2715 860 2768 naturae
885 2705 1106 2769 convenientius
1130 2700 1265 2778 efficeret,

146 2831 247 2892 visum
275 2841 320 2892 est
346 2831 562 2892 institutionem
591 2851 624 2892 ac
652 2829 835 2916 disciplinam
862 2831 977 2917 generis
1006 2830 1102 2893 nostri
1129 2826 1264 2904 condere,

146 2957 177 3017 in
202 2975 263 3040 que
284 2953 336 3017 filii
359 2953 514 3018 bominum
529 2975 546 3016 a
560 2953 627 3018 filiis
642 2953 698 3018 Dei
714 2949 801 3035 (Gen.
813 2955 870 3031 Vl,
888 2949 922 3038 2)
939 2953 1135 3019 erudirentur.
1166 2953 1266 3018 Prima

147 3079 221 3142 baec
243 3081 390 3143 nascentis
415 3079 550 3144 eeclesiae
572 3079 752 3157 rudimenta,
776 3083 922 3169 principia
938 3079 1096 3144 nationalis
1113 3077 1266 3164 cujusdam

146 3204 308 3280 electionis,
333 3203 508 3269 adumbrata
530 3207 695 3270 invenimus
719 3207 749 3269 in
771 3184 867 3293 gentis
891 3203 1044 3270 Semiticae
1066 3202 1103 3267 ab
1122 3203 1266 3290 Japetidis

147 3342 177 3395 et
201 3328 353 3394 Chamidis
377 3333 577 3417 separatione3
602 3329 706 3394 deinde
728 3334 805 3395 inter
828 3329 953 3394 Semitas
975 3327 1192 3393 Abrabamidac
1215 3329 1266 3392 eli-

146 3467 275 3542 guntur,
301 3458 352 3542 qui
375 3469 566 3543 posterorum
589 3459 676 3520 aetati
693 3477 793 3520 verarn
815 3455 997 3540 relligionem
1019 3455 1265 3528 transmitterent3

146 3601 246 3666 neque
270 3583 347 3643 enim
369 3580 401 3644 id
416 3581 512 3645 voluit
529 3579 652 3646 Creator
675 3583 805 3667 optimus
829 3581 985 3655 maximus,
1010 3590 1045 3642 ut
1067 3579 1169 3642 ceteris
1188 3575 1267 3640 salu·

146 3717 208 3770 tem
232 3703 402 3792 denegaret,
427 3704 480 3770 sed
502 3719 537 3770 ut
558 3709 706 3794 promisse
727 3703 901 3768 Mediatoris
924 3703 1065 3768 revelatio
1088 3725 1142 3790 per
1159 3702 1266 3768 electos

146 3833 358 3907 innotesceret,
390 3842 478 3916 atque
504 3833 545 3894 ita
573 3833 704 3895 universi
727 3829 861 3893 homines
885 3828 1084 3893 conditionem
1107 3827 1164 3892 sibi
1187 3827 1266 3890 ultro

148 3953 278 4018 oblatam
302 3957 475 4041 acciperent.
511 3953 572 4021 Sed
593 3978 630 4021 ne
645 3954 855 4022 Abrabamidis
872 3954 990 4042 quidem
1007 3952 1144 4018 omnibus
1159 3952 1267 4014 mansit

147 4079 378 4166 praedestinatio
402 4080 451 4144 illa
473 4083 504 4145 in
526 4081 603 4145 lilios
619 4081 689 4158 Dei,
714 4080 766 4146 sed
788 4078 946 4145 exturbata
960 4079 1094 4165 Hagarae
1115 4074 1213 4163 prole,
1238 4086 1267 4137 et

147 4205 287 4291 neglectis
308 4205 439 4269 Keturac
461 4205 544 4281 filiis,
567 4204 699 4270 lsaaeum
722 4205 819 4269 solum
842 4204 929 4291 elegit
951 4203 1041 4279 Deus,
1067 4214 1096 4266 et
1118 4200 1266 4264 ecclesiam

149 4349 233 4394 suam
255 4332 345 4394 nnius
368 4328 494 4394 familiae
516 4332 647 4395 terminis
671 4331 907 4414 circumscripsit.
944 4326 1078 4413 Denique
1094 4347 1156 4390 eam
1171 4327 1267 4411 ipsam

148 4451 288 4520 lamiliam
316 4453 458 4542 bipartito
488 4454 655 4533 distribuit,
685 4468 715 4520 et
744 4454 863 4520 nonnisi
884 4450 989 4518 Jacobi
1016 4453 1187 4539 progeniem
1210 4448 1267 4514 sibi
