3160 5170
598 339 811 450 Q

143 551 245 636 Quum
268 562 366 616 autem
389 541 470 639 11ᾎῆ
492 549 717 614 multitudinem
742 553 953 634 iuterpretatur
975 550 1039 628 ille,
1070 551 1264 640 etymologiae

141 675 226 742 verbi
241 678 361 740 minime
377 675 554 740 contradicit
568 669 648 755 (vide
663 673 818 760 Lepsium,
837 675 920 738 Zwei
937 675 1264 764 sprachvergleichende

141 800 385 889 Ahhandlungeu
399 823 430 887 p.
447 796 532 881 139).
565 797 626 864 Sed
640 811 773 886 praestat
787 802 904 886 opinor,
930 822 996 864 cum
1010 800 1159 888 plerisque
1174 805 1265 866 inter·

141 924 288 1016 pratibus,
313 925 473 1013 intelligere
495 936 638 1011 quattuor
653 923 717 988 illas
733 937 898 988 castrorum
912 924 1139 990 israeliticorum
1153 939 1262 1013 partes,

142 1055 173 1117 in
202 1073 277 1139 quas
306 1049 461 1116 duodecim
490 1047 585 1114 tribus
617 1061 700 1112 erant
723 1048 834 1112 divisae
859 1045 964 1130 (Num.
980 1044 1039 1132 11),
1070 1071 1195 1136 quarum
1218 1051 1264 1136 vel

140 1199 202 1240 una
220 1179 369 1264 ingentem
386 1174 604 1240 multitudinem
622 1175 794 1238 contineret.
828 1173 863 1238 ld
880 1173 963 1260 quod
981 1173 1164 1261 significatur
1181 1196 1264 1262 aper·

141 1304 202 1368 tius
227 1303 257 1367 in
280 1298 440 1365 versu13.

439 1516 476 1574 ΙΝ
498 1513 697 1575 SECUNDAM
718 1513 966 1574 enarrantem.

231 1673 384 1740 Nonnulla
407 1676 530 1738 suntin
553 1673 600 1737 his
624 1671 775 1749 versibus,
806 1693 881 1759 quae
904 1674 1078 1760 interpretes
1101 1685 1264 1737 torserunt.

140 1803 174 1867 In
196 1825 226 1866 v.
244 1799 283 1865 21
309 1822 413 1864 vocem
443 1805 514 1905 nti,
547 1819 622 1886 quac
649 1797 816 1861 condatem
845 1795 1007 1884 significat,
1037 1798 1169 1886 intelligo
1198 1819 1265 1885 spe·

142 1929 239 1992 ciatim
271 1925 306 1990 dc
335 1924 514 1990 idololatria.
561 1921 702 1988 Similiter
725 1919 857 1986 Onkelos
888 1936 917 1987 et
939 1923 1078 2010 vulgatus
1108 1927 1263 2010 interpres.

140 2052 181 2117 Et
208 2055 240 2116 in
268 2049 383 2116 1Sam.
400 2049 468 2127 XV,
488 2046 530 2113 23
560 2051 617 2153 Ut}
646 2060 675 2111 et
702 2051 825 2152 bittit-'i
855 2048 1035 2134 conjunctim
1063 2051 1262 2112 nominantur.

140 2177 298 2243 Praeterea
319 2198 376 2263 pro
392 2172 521 2241 Bari-et
541 2176 560 2236 i.
577 2194 603 2236 e.
627 2172 750 2236 Domus
763 2173 830 2238 Dei
851 2172 988 2238 dicebant
1002 2171 1178 2238 Betis-neca
1200 2177 1220 2236 i.
1237 2195 1262 2237 e.

141 2303 266 2368 Domus
286 2300 446 2381 Vanitatis,
471 2319 564 2386 quum
579 2295 620 2361 ibi
635 2319 691 2384 pro
708 2300 771 2361 veri
787 2296 842 2361 Dei
858 2298 940 2362 cultu
955 2297 1123 2363 idololatria
1137 2302 1264 2386 irrepse-

141 2441 196 2492 rat.
225 2427 298 2492 Vox
313 2401 396 2530 17191]
408 2446 528 2513 quoque
543 2422 708 2512 generalem
724 2421 967 2509 significationem
982 2435 1114 2510 praestat
1126 2420 1263 2504 μόχθος,

141 2551 242 2629 πόνος
256 2553 353 2634 labor,
370 2550 526 2634 molestae,-
548 2548 600 2612 sed
615 2560 650 2612 ut
665 2567 683 2610 a
697 2545 840 2628 μόχθος,
857 2543 959 2620 πόνος
975 2545 1117 2611 habemus
1132 2548 1264 2631 μοχθη-

141 2680 206 2765 ρία,
230 2680 379 2763 πονηρία,
403 2678 445 2739 ita
460 2675 518 2738 hoc
533 2672 711 2738 vocabulum
729 2672 882 2754 delictum,
903 2672 1036 2758 eulpam,
1059 2673 1262 2760 iniquitatem,
1382 2664 1384 2669 ’

142 2816 232 2890 atque
253 2803 442 2888 impietatem
464 2801 594 2865 denotat.
642 2797 750 2863 Ultima
773 2819 843 2884 pars
866 2796 958 2884 hujus
982 2816 1085 2862 versus
1109 2797 1265 2862 confirmat

142 2929 219 2994 hane
248 2929 536 3014 interpretationem,
566 2946 670 3010 nempe
696 2923 844 2988 israelitas
872 2945 908 2986 eo
937 2935 1085 3010 tempore,
1116 2945 1176 3010 quo
1205 2923 1264 2988 hec

142 3056 288 3119 canticum
311 3055 454 3139 scriptum
478 3063 537 3128 est,
562 3049 600 3113 ad
622 3049 820 3114 idololatriam
843 3051 960 3114 minime
978 3070 1147 3136 propensos
1161 3048 1262 3114 luisse.

140 3181 245 3267 Pergit
272 3180 348 3243 enim
376 3180 504 3263 scriptor
529 3174 660 3240 lehovae
688 3178 766 3262 regis
796 3178 872 3239 inter
893 3174 1038 3239 israelitas
1068 3178 1263 3263 praesentiam

142 3303 316 3392 significare.
350 3302 440 3368 Recte
464 3304 554 3388 igitur
576 3299 835 3364 Rosenmiilierus:
860 3299 1018 3363 »videntur
1034 3301 1156 3387 intelligi
1172 3301 1263 3366 laetae

87 3515 89 3520 Ι
141 3429 382 3504 vociferationes,
409 3448 483 3513 quae
508 3428 616 3490 circum
639 3427 800 3489 tentorium
824 3446 954 3500 sacrum,
980 3422 1063 3511 quod
1086 3425 1183 3501 Deus,
1207 3449 1264 3490 rec

140 3555 353 3630 israelitarum,
382 3551 516 3616 habitare
547 3549 735 3626 credebatur,
767 3571 784 3612 a
811 3552 921 3636 gratias
950 3547 1105 3636 agentibus
1135 3561 1165 3612 et
1192 3562 1264 3636 post

142 3681 283 3746 salutaria
305 3700 388 3744 sacra
411 3675 638 3741 convivantibus
662 3674 885 3740 mittebantur«
928 3673 967 3737 Et
988 3672 1262 3762 Heugsteuhergius

142 3802 186 3894 (p.
206 3801 282 3886 117)
312 3805 485 3868 senteutiam
514 3803 571 3866 loci
597 3802 757 3866 illustravit
778 3801 825 3864 his
848 3801 921 3864 locis
946 3801 1108 3887 appositis;
1131 3797 1194 3864 Jos.
1210 3798 1261 3875 Vi,

141 3929 173 4009 5,
192 3929 250 3996 20:
280 3928 421 4016 »quando
450 3926 589 3992 tubarum
619 3927 785 4014 clangorem
808 3925 948 4003 audietis,
979 3926 1134 3990 clamorem
1157 3924 1264 3988 tollant

142 4077 246 4122 omnes
270 4075 358 4142 quam
380 4057 576 4131 maximum«;
602 4051 619 4117 1
638 4051 717 4117 Sam.
734 4052 785 4130 Ν,
803 4049 838 4117 5:
863 4074 976 4139 »quum
1000 4073 1068 4114 arca
1090 4051 1162 4137 legis
1187 4048 1263 4111 divi·

141 4185 251 4248 necin
274 4193 369 4244 castre
385 4182 513 4256 veniret,
536 4177 683 4243 israelitae
706 4181 853 4266 ingentem
869 4178 1024 4242 clamorem
1038 4173 1196 4251 tollebant,
1221 4176 1263 4236 ita

142 4321 177 4372 ut
191 4320 272 4372 terra
287 4308 466 4371 commoveri
482 4303 668 4381 videretur«;
691 4302 862 4380 asamvl,
879 4301 934 4368 15:
956 4300 1104 4367 »Derides
1121 4312 1150 4363 et
1165 4302 1262 4363 cuncti

141 4431 290 4500 Israelitae
302 4431 493 4497 adduxerunt
504 4451 600 4495 arcam
611 4431 688 4496 inter
697 4430 791 4494 laetos
803 4429 944 4498 clamores
953 4439 982 4491 et
994 4426 1133 4502 tubarum
1143 4447 1262 4499 annosa
