3164 5176
759 289 970 404 ...ffl-

305 513 476 588 contemptu
511 513 599 587 atque
628 499 831 588 indignatione
862 501 957 586 rejicit
985 522 1019 564 ac
1046 500 1200 587 repudiat,
1236 501 1299 586 ipse
1326 512 1428 566 tamen

304 627 391 712 plane
413 627 591 713 singularem
606 625 830 711 explicationem
846 627 1037 713 excogitavit.
1072 622 1147 688 Nam
1164 627 1205 688 sie
1219 647 1281 690 rem
1295 637 1427 690 enarrat.

304 750 428 816 Josuam
456 771 547 835 quum
576 772 614 814 ex
643 752 746 814 castris
778 749 927 837 Gilgalicis
958 771 1012 836 per
1039 761 1131 815 tetam
1163 762 1279 814 noctem
1309 752 1429 836 magnis

304 873 459 940 itineribus
483 874 697 950 contendisset,
722 875 828 940 milites
852 886 950 939 autem
973 873 1069 940 fessos
1085 897 1245 960 parumper
1260 875 1298 938 ad
1312 872 1430 973 ¹(libea-

304 1021 371 1064 nem
394 1001 486 1085 quieti
510 999 652 1075 dedisset,
676 997 837 1064 meridiano
862 1012 1009 1086 tempere,
1034 1021 1094 1085 quo
1119 999 1250 1086 plerique
1269 1021 1373 1068 omnes
1396 1002 1431 1062 in

305 1126 390 1188 terris
421 1123 613 1188 orientalibus
641 1124 774 1210 paullum
798 1128 1021 1212 conquiescant,
1052 1122 1224 1190 Cananaeos
1252 1148 1289 1190 ex
1313 1127 1431 1210 impro-

304 1251 370 1314 viso
406 1247 543 1312 adortum
579 1269 657 1325 esse,
695 1261 783 1335 atque
817 1271 868 1313 eos
902 1262 974 1336 post
1000 1249 1090 1314 breve
1121 1249 1266 1336 proelium
1293 1247 1428 1336 fugasse.

304 1373 482 1460 Priusquam
505 1387 602 1438 autem
622 1396 752 1461 pugnam
767 1375 846 1438 illam
862 1378 1071 1451 committeret,
1096 1373 1219 1440 desuem
1234 1376 1323 1440 tacita
1338 1395 1430 1460 prece

304 1497 448 1564 Jebovam
471 1499 611 1565 adorasse
626 1512 661 1563 u't
676 1502 828 1565 victoriam
844 1500 982 1564 Israelitis
1000 1499 1181 1566 concederet.
1213 1498 1326 1564 Deinde
1342 1520 1428 1575 vero,

305 1623 422 1692 sublata
437 1643 519 1699 voce,
544 1636 579 1688 ut
595 1645 696 1688 omnes
712 1624 857 1701 audirent,
883 1623 957 1701 Soli,
982 1645 1042 1712 qua
1057 1637 1135 1690 esset
1149 1627 1179 1686 in
1195 1623 1290 1688 Deum
1304 1623 1428 1700 fiducia,

304 1752 480 1835 imperasse,
505 1761 539 1812 nt
561 1771 615 1834 per
637 1749 829 1814 meridianum
852 1762 979 1837 tempus,
1004 1749 1036 1814 id
1059 1749 1142 1836 quod
1165 1748 1276 1835 alioqui
1291 1747 1429 1812 facturus

305 1887 396 1949 esset,
421 1873 534 1938 tardius
552 1876 621 1950 iret,
646 1886 733 1960 atque
751 1876 793 1938 ita
815 1877 961 1961 ingentem
977 1887 1121 1963 stragem,
1146 1896 1204 1938 una
1220 1876 1335 1940 circiter
1350 1873 1430 1938 hora

304 2010 459 2085 patratam,
483 2001 656 2064 intueretur.
692 1997 731 2064 Ut
752 1999 824 2064 baec
846 2002 1050 2086 interpretatio
1072 2011 1195 2075 constet,
1222 1997 1427 2084 Gumpachius

304 2136 398 2188 totam
426 2126 623 2190 narrationem
647 2147 663 2188 a
686 2120 753 2187 ab
777 2123 815 2187 ad
838 2148 867 2187 v.
888 2123 929 2192 id
956 2127 987 2188 in
1012 2137 1069 2190 tres
1092 2126 1248 2212 pericopas
1271 2121 1427 2188 distribuit

304 2248 325 2312 Ι,
343 2272 392 2314 vv.
409 2246 514 2326 6-7;
537 2250 571 2312 ll.
588 2247 713 2326 8-103
736 2249 782 2314 Ill.
803 2246 941 2326 11-14,
967 2272 1092 2336 quarum
1115 2251 1210 2335 prima
1231 2248 1344 2312 iosuae
1359 2251 1424 2325 iter,

305 2373 433 2440 secunda
455 2395 586 2461 pugnam
611 2372 824 2440 Gibeoniticam
847 2373 1008 2452 describat,
1037 2377 1123 2441 tertia
1146 2386 1243 2440 autem
1266 2373 1426 2460 parenthe-

304 2502 362 2564 tica
390 2502 442 2575 sit‚
473 2512 503 2563 ct
529 2499 633 2564 doceat
655 2521 785 2586 quonam
808 2499 862 2566 Dei
886 2498 1020 2566 subsidio
1045 2511 1156 2564 tantam
1179 2498 1325 2562 israelitae
1349 2511 1425 2562 stra·

304 2646 370 2711 gem
390 2622 559 2699 ediderint,
588 2646 707 2711 nempe,
736 2625 880 2690 Jehovam
909 2647 1047 2690 saxosam
1073 2623 1152 2688 iilam
1174 2624 1347 2710 grandinem
1370 2627 1425 2688 im·

304 2751 434 2836 misisse,
459 2750 533 2835 paria
546 2748 642 2814 losua
657 2761 793 2836 precatus
810 2763 901 2845 esset,
919 2749 1058 2815 Israelitis
1072 2761 1170 2814 autem
1186 2749 1282 2834 palam
1299 2748 1425 2814 dixisset

305 2872 351 2936 »0
375 2871 430 2938 Sel
457 2876 574 2959 quiesce
603 2888 632 2939 ct
654 2875 738 2941 Luna
766 2873 930 2940 subsistet«
965 2873 1065 2940 Verba
1093 2879 1196 2977 ml?
1219 2865 1300 2965 Dii?
1325 2874 1426 2938 reddit

305 3000 411 3083 tquasi
426 2995 480 3062 Sol
502 3011 599 3064 totum
624 2999 699 3064 diem
722 3012 856 3064 moratus
879 3012 975 3064 esset«
999 2995 1076 3081 (sals
1101 2998 1140 3064 ob
1164 3002 1206 3062 sie
1230 2969 1289 3064 den¹
1308 3021 1424 3086 ganzen

305 3122 371 3208 Tag
386 3129 526 3210 gerigert
540 3119 666 3206 hatten),
683 3136 712 3188 et
727 3124 830 3188 rrltirna
845 3123 935 3201 verba
950 3124 988 3190 ad
1003 3123 1186 3212 grandinem,
1203 3145 1291 3212 quam
1306 3123 1425 3188 debora

303 3246 413 3314 Josuae
440 3247 577 3334 precibus
607 3247 766 3314 obsecutus
789 3251 932 3326 misisset,
963 3272 1024 3314 non
1047 3249 1085 3314 ad
1108 3249 1341 3336 qualemcunque
1365 3248 1426 3312 dici

303 3373 530 3440 retardationem
553 3372 651 3439 refert.
697 3373 762 3439 tam
785 3397 867 3452 vere,
892 3375 1004 3440 utalia
1026 3387 1221 3460 praeteream,
1247 3395 1323 3459 quae
1346 3374 1426 3439 hanc

303 3499 574 3584 interpretationem
602 3499 810 3588 pessumdant,
847 3499 935 3566 carde
964 3502 1011 3564 rei
1037 3502 1162 3564 vertitur
1191 3502 1221 3562 in
1251 3519 1302 3573 eo,
1340 3497 1427 3584 quod

305 3621 506 3709 Gumpachius
528 3623 701 3710 particulam
717 3632 760 3726 tas
776 3625 885 3690 causali
901 3624 1114 3714 significatione
1130 3622 1297 3688 donandam
1312 3636 1424 3687 censet.

303 3747 347 3812 De
376 3751 432 3814 ista
460 3735 604 3834 particula
629 3748 830 3836 Gumpachius
860 3752 891 3816 in
920 3749 1021 3818 eodem
1050 3748 1148 3814 libello
1173 3746 1243 3834 (pp.
1260 3745 1325 3814 206
1341 3745 1425 3836 sqq.)

303 3871 442 3940 subtilius
466 3895 554 3960 quam
576 3877 675 3942 verius
699 3873 878 3960 disputavit,
903 3874 993 3941 mode
1017 3874 1144 3960 aliquam
1169 3871 1341 3939 subtilitatis
1358 3873 1427 3938 lau-

304 3997 369 4062 dem
391 4002 580 4085 grammatico
605 3999 757 4075 concedas,
784 4002 836 4086 qui
859 3999 991 4062 nondum
1017 3998 1118 4062 didicit
1140 3997 1288 4084 apodosin
1311 4021 1328 4060 a
1350 4020 1427 4083 pro·

303 4128 368 4204 tasi,
393 4123 565 4190 antecedens
590 4147 606 4188 a
629 4125 762 4200 celebro,
788 4133 859 4187 tunc
881 4147 898 4186 a
922 4145 1024 4211 quarn,
1049 4124 1164 4187 idcirco
1187 4123 1233 4187 vel
1250 4132 1427 4208 propterca

302 4276 320 4317 a
343 4251 426 4340 quic,
451 4237 653 4338 distinguere.¹
687 4247 721 4312 ld
744 4250 820 4314 enirn
844 4251 1003 4326 commisit,
1033 4269 1124 4335 quum
1147 4249 1177 4314 in
1200 4247 1273 4312 locis
1298 4245 1426 4334 quibus-

303 4377 369 4442 dam
393 4385 436 4480 tif
463 4390 602 4464 tanquam
625 4378 828 4461 repetitionem
851 4375 966 4440 relativi
990 4379 1026 4466 ³³.
1049 4377 1175 4442 notarit.
1222 4369 1255 4440 Si
1278 4370 1426 4441 Noldium
