3172 5186
822 300 897 376 322

301 509 358 583 cciv
380 513 537 600 andrapon
559 506 635 588 τούς
657 511 854 593 Αἰγυπτίους
883 510 1007 595 insueto
1034 533 1068 574 ne
1095 514 1149 574 καὶ
1176 507 1338 596 ἐνουρέειν
1367 509 1425 572 καὶ

301 639 406 715 πόδας
433 635 694 712 ἐναπονίζεσθαι.
738 635 868 702 Derides
893 639 985 724 igitur
1013 635 1158 723 significat
1185 633 1335 702 Moabitas
1364 631 1425 696 sibi

300 786 356 852 pro
373 765 522 829 vilissimis
545 764 698 849 mancipiis
722 764 840 827 servire.
876 759 989 826 Eodem
1012 760 1102 825 modo
1127 760 1254 825 declarat
1268 781 1301 824 se
1315 756 1426 845 pedem

302 911 390 953 suum
414 886 576 953 cervicibus
599 887 805 951 idumaeorum
828 887 1015 972 imposuisse,
1041 885 1149 950 scilicet
1172 880 1426 971 quemadmodum

301 1012 410 1077 Darius
426 1016 457 1077 in
471 1025 663 1078 monumento
679 1011 729 1074 illo
746 1009 827 1096 apud
841 1009 1021 1097 Bagistanen
1033 1013 1127 1074 victos
1143 1031 1226 1097 reges
1246 1007 1425 1072 conculeans

302 1136 453 1202 inducitur
476 1133 526 1219 (cs.
547 1137 611 1202 Jos.
627 1136 673 1213 X,
692 1130 758 1217 221).
801 1133 889 1217 Quod
917 1133 952 1198 de
974 1135 1141 1199 Philistacis
1164 1134 1362 1220 significatur,
1390 1129 1425 1194 id

303 1264 413 1349 optime
436 1262 565 1326 illustrat
578 1259 662 1326 locus
678 1260 787 1324 Psalmi
804 1257 904 1336 CVIII,
924 1258 974 1335 10,
999 1257 1036 1322 ab
1052 1259 1110 1324 hoc
1124 1257 1242 1323 Psalmo
1258 1259 1424 1322 imitatione

303 1407 479 1472 expressus:
502 1378 653 1489 ”giwii
677 1359 792 1490 Πῳῇξ
816 1358 891 1476 fiii,
916 1405 1026 1470 ‘super
1047 1383 1213 1448 Philistaeis
1236 1381 1425 1468 triumphum

304 1531 408 1576 cauo«
447 1509 487 1574 Et
515 1479 614 1596 quum·
632 1467 689 1574 iste
711 1479 846 1574 Psalmus
870 1479 909 1572 ax
931 1507 1051 1573 duobus
1074 1509 1193 1594 hymnis
1215 1506 1294 1572 LVlI
1316 1519 1346 1570 et
1367 1502 1426 1569 LX

303 1637 487 1720 compositus
510 1636 563 1710 sit,
594 1655 722 1721 quorum
745 1637 829 1720 prior
851 1635 877 1696 si
903 1635 969 1720 quis
994 1633 1068 1697 alius
1091 1655 1159 1697 vere
1182 1644 1228 1697 est
1248 1629 1424 1705 Davidious,

303 1757 376 1822 illud
399 1779 519 1845 quoque
541 1770 715 1846 argumento
740 1780 803 1824 esse
827 1770 955 1845 oportet,
979 1757 1129 1823 Psalmum
1152 1759 1370 1844 sexagesimum
1386 1753 1427 1818 ad

303 1880 427 1946 Davidis
449 1895 583 1970 tempora
605 1885 760 1970 pertinere.

758 2059 970 2070 m

616 2243 657 2312 IN
681 2243 892 2314 CANTICUM
915 2244 1107 2330 QUINTUM.

811 2397 917 2408 ..αι-

394 2503 453 2588 Qui
482 2507 649 2591 nuperrime
672 2507 702 2568 in
725 2503 845 2570 brevem
867 2506 944 2570 hanc
967 2507 1138 2571 cantilenam
1153 2483 1425 2570 commentationes
1448 2509 1452 2517 “

306 2627 470 2706 ediderunt,
495 2627 522 2692 J.
548 2627 583 2693 G.
601 2594 764 2717 llaihiugor
786 2615 948 2717 (Theolog.
973 2629 1100 2696 Studien
1123 2654 1153 2694 u.
1176 2631 1314 2699 Kritikeu
1338 2627 1425 2696 1843

305 2775 356 2840 pp.
374 2751 439 2818 983
458 2749 537 2840 sqq.)
555 2765 584 2818 et
600 2751 671 2819 Otto
689 2753 822 2818 Thenius
839 2749 985 2843 (kurzgef.
1002 2755 1170 2821 Handbuoh
1189 2750 1297 2836 1842),
1321 2757 1343 2818 ii
1362 2776 1425 2818 non

305 2877 430 2942 multum
454 2877 644 2942 coutulerunt
666 2878 704 2942 ad
727 2880 920 2946 amovendam
935 2903 984 2956 vv.
998 2878 1028 2957 3,
1045 2879 1067 2944 ll
1083 2879 1294 2946 difficultatem.
1325 2877 1425 2962 Quum

307 3004 383 3066 enim
405 3001 453 3065 ille
476 3001 605 3066 divinam
628 3006 855 3089 promissionem
871 3027 960 3071 versu
982 3008 1069 3070 tertio
1094 3005 1260 3070 absolutum
1279 3027 1342 3070 esse
1358 3025 1425 3068 ocn-

306 3138 382 3203 seat,
414 3126 463 3189 hic
485 3138 556 3211 post
579 3125 725 3192 Clericum
748 3127 881 3217 aliosque
903 3131 1092 3217 participium
1113 3104 1219 3221 ''ligiin
1242 3132 1274 3194 in
1299 3130 1424 3215 protasi,

306 3271 425 3314 versum
449 3263 587 3336 quartum
617 3264 714 3342 autem
738 3255 769 3317 in
792 3253 918 3340 apodosi
941 3257 1072 3341 positum
1100 3254 1258 3342 intelligat,
1288 3253 1424 3340 equidem

306 3375 405 3438 nullus
421 3373 525 3440 dubito
543 3378 615 3462 quin
629 3377 774 3464 particula
789 3384 803 3469 t
818 3381 965 3444 inversus
982 3383 1081 3466 quarti
1095 3381 1180 3447 initio
1193 3378 1363 3466 copulativa
1376 3381 1423 3454 sit,

307 3513 336 3566 et
345 3503 572 3587 promissionem
585 3500 713 3566 divinam
725 3473 820 3590 usque
833 3503 871 3567 ad
881 3503 1079 3570 finemversus
1092 3506 1190 3592 quarti
1202 3503 1357 3568 decurrere
1368 3525 1425 3589 pu-

235 3621 239 3628 ’
306 3628 438 3690 taverim.
454 3625 488 3689 ld
500 3624 583 3712 qood
595 3628 767 3693 inversione
780 3626 913 3694 exhibui.
925 3627 1092 3706 Maurorus,
1100 3630 1151 3715 qui
1162 3628 1239 3692 hanc
1251 3631 1425 3695 senteutiam

275 3831 284 3854 ι
307 3750 442 3837 amplecti
457 3749 584 3827 videtur,
608 3749 683 3815 bene
706 3750 877 3842 observat]
899 3752 1028 3818 indicare
1045 3763 1075 3817 et
1088 3752 1227 3840 qondam,-
1250 3752 1425 3842 particulam

307 3886 405 3939 autem
435 3848 672 3966 comparandi)
701 3847 889 3964 repetendam
918 3899 995 3955 esse,
1027 3891 1063 3942 ut
1090 3891 1156 3942 ante
1184 3882 1265 3950 tint*
1288 3891 1317 3944 et
1345 3879 1425 3982 'le

307 3990 405 4088 nint?
427 3973 493 4077 Νι),
518 4003 559 4064 ita
582 4002 668 4064 etiam
693 4014 759 4066 autc
782 3994 889 4106 Upim
924 4002 1008 4068 Hanc
1029 3973 1258 4089 promissionem
1274 4015 1372 4068 autem
1387 4001 1426 4066 ad

307 4135 466 4189 venturum
492 4123 630 4189 Messian
659 4139 790 4211 spectare
820 4150 882 4193 non
912 4140 957 4193 est
986 4127 1069 4214 quod
1098 4127 1278 4194 dubitemus.
1321 4126 1427 4194 Mouet

308 4250 383 4312 cuim
398 4247 526 4314 Dathius
543 4248 735 4314 Solomonem
758 4273 820 4315 non
842 4255 977 4338 potuisse
999 4253 1112 4355 0¹]ssss
1128 4225 1234 4344 wib
1253 4251 1325 4330 diei,
1350 4273 1428 4339 quo·

307 4372 385 4436 uiam
407 4379 490 4479 nqis
512 4345 648 4441 absolute
670 4377 803 4462 positum
825 4387 924 4442 totum
945 4399 1040 4465 genus
1062 4377 1225 4445 humanum
1247 4389 1340 4456 notet,
1364 4400 1427 4444 non
