3164 5176
602 332 811 444 4341„

136 546 183 608 Ita
199 565 316 608 summa
332 565 398 610 cum
414 547 444 610 vi
458 543 609 630 Zephania
625 544 662 620 ll,
678 542 711 608 l:
728 534 836 649 6656ρῖ
847 539 1044 650 ἈΨᾊΠΡΠΠ,
1064 561 1267 635 »conprepote

136 680 256 732 coornet
275 671 359 756 ipms
378 680 406 732 et
421 670 664 754 conprepomioe',
689 682 845 756 antequam
864 671 1013 738 decretum
1029 673 1162 740 effectum
1176 695 1265 740 suum

137 797 286 858 sortiatur
303 789 408 875 (irruet
425 816 496 857 vero
517 794 563 858 ille
586 793 647 858 dies
663 807 722 858 tam
738 797 797 860 cito
813 817 902 882 quam
917 796 999 882 palca
1015 820 1032 862 a
1049 811 1136 864 vento
1154 798 1264 885 abripi-

136 915 203 1001 tur)
221 933 378 1005 antequam
392 939 447 983 vos
463 918 585 984 invadat
599 917 715 982 lervcns
726 918 859 984 lehovae
874 923 955 998 iram
971 925 1081 1009 quippe
1098 918 1157 1025 ttlp
1173 926 1265 1012 signi·

136 1046 209 1108 licat
238 1045 355 1108 calanus
385 1045 500 1120 aridos,
522 1042 677 1119 frumenti,
691 1043 692 1046 ’
707 1043 787 1108 unde
816 1045 866 1108 illa
894 1046 1076 1132 metaphora.
1126 1045 1215 1129 Quod
1238 1052 1263 1112 si

138 1170 186 1234 vel
219 1172 341 1234 naenias
376 1168 499 1232 solemni
534 1168 581 1232 die
612 1167 822 1247 decantabant,
840 1170 952 1242 ,multo
981 1169 1095 1236 facilius
1124 1169 1263 1238 ἐπινίκια

136 1307 282 1380 poterant
310 1307 450 1380 repetere.
495 1294 535 1356 Et
562 1293 636 1358 nihil
659 1296 795 1370 interest,
828 1307 928 1358 utrum
950 1317 1046 1381 ponas
1069 1297 1262 1362 excultiorem

136 1423 235 1484 nostri
257 1420 362 1504 hymni
386 1418 543 1484 editionem
567 1441 584 1480 a
606 1418 702 1482 Maria
726 1421 791 1504 ipsa
813 1419 861 1485 vel
883 1419 968 1484 Mose
992 1423 1023 1484 in
1047 1419 1177 1497 deserto,
1209 1419 1262 1486 ubi

137 1547 202 1610 otio
226 1542 433 1620 abundabant,
458 1543 614 1608 conllatam
638 1565 715 1620 csse,
741 1543 824 1629 quod
846 1545 918 1608 mihi
942 1568 1004 1608 non
1027 1543 1158 1610 absimile
1179 1544 1262 1610 vide·

136 1682 197 1746 tur,
222 1691 260 1731 an
283 1673 384 1755 potius
409 1691 425 1730 a
448 1666 566 1731 chora
591 1667 635 1730 vol
659 1667 715 1730 alia
737 1669 928 1755 prophetissa
951 1692 987 1733 eo
1010 1670 1133 1734 consilio
1157 1671 1261 1758 ampli·

135 1794 257 1859 ficatum
287 1816 350 1858 esse
379 1794 438 1856 hoc
465 1814 586 1878 poema,
616 1805 651 1855 ut
673 1815 733 1856 una
756 1813 822 1858 cum
847 1798 948 1860 ceteris
973 1793 1164 1860 orationibus
1187 1799 1260 1860 reci-

136 1931 260 1984 taretur.
307 1919 450 2004 Majorem
480 1918 576 1982 saltim
605 1918 696 2002 huJus
726 1921 861 1985 carminis
890 1933 1003 2006 partem
1027 1933 1093 1986 ante
1117 1919 1260 1985 Davidem

136 2046 288 2108 exstitisse
317 2046 388 2108 satis
416 2043 600 2108 demonstrat
621 2042 758 2108 Psalmus
781 2043 953 2121 LXXXIX,
986 2049 1038 2133 qui
1066 2045 1121 2110 sub
1145 2047 1259 2114 Davidc

136 2155 267 2255 scriplus
291 2182 336 2238 cst
359 2162 400 2248 (v.
418 2167 461 2232 20
476 2162 566 2254 sqq.),
592 2170 644 2254 qui
667 2180 764 2232 autem
788 2172 829 2234 ita
851 2169 889 2233 ad
912 2171 970 2234 hoc
992 2173 1138 2237 canticum
1156 2172 1260 2238 alludit

95 2353 101 2358 .
136 2288 199 2374 (vv.
217 2288 350 2375 6-10)‚
375 2305 410 2356 ut
432 2296 483 2379 qui
502 2305 629 2357 voterem
653 2293 780 2380 aliquam
804 2316 838 2358 ac
860 2293 934 2360 benc
950 2308 1051 2360 notam
1068 2301 1259 2384 scriptionem

136 2422 249 2484 citaret.
298 2417 464 2501 Quinetiam
493 2418 551 2485 hoc
580 2440 687 2504 poema
708 2417 917 2483 bellicosorum
939 2420 1135 2486 Israelitarum
1159 2425 1257 2486 animo

134 2566 170 2610 ae
198 2556 295 2608 mente
324 2546 366 2610 ita
394 2563 425 2606 se
454 2545 673 2609 commiscuissc
697 2542 831 2620 videtur,
862 2556 896 2607 ut
924 2543 992 2608 inde
1018 2567 1106 2610 suum
1128 2544 1258 2611 baritum

135 2670 183 2734 vel
205 2669 353 2755 proelium
372 2669 578 2732 inchoantium
600 2689 713 2754 paeana
737 2681 766 2732 et
788 2668 1025 2736 acclamationem
1039 2682 1144 2734 mutuo
1161 2693 1258 2736 sumc-

133 2808 211 2861 rent.
258 2793 360 2880 Neque
390 2796 467 2859 euim
497 2792 622 2859 dubium
657 2805 714 2870 ast,
752 2795 825 2880 quin
854 2793 944 2858 verba
971 2794 1036 2858 illa.
1071 2789 1208 2868 ΠΞὮΞ·
1213 2801 1256 2866 Ὦ

133 2912 219 3024 ΠἾΠἾΙ
249 2893 389 2996 Εῆδδῦ,
426 2920 496 3005 quis
528 2921 607 2982 ciacc
639 2928 672 2980 to
706 2919 786 2982 inter
814 2919 916 3000 Deos,
946 2917 1086 2986 Jeleooal
1120 2943 1195 3007 quae
1225 2925 1257 2988 in

132 2999 254 3108 Psalmo
277 2998 448 3120 LXXXIX,
472 3039 508 3118 6,
531 3041 552 3106 8
579 3057 735 3120 resonant,
772 3045 856 3108 heroi
885 3043 925 3107 illi
955 3043 1050 3109 ludar
1078 3045 1254 3113 Maccabaco

134 3191 299 3256 cognomen
321 3172 415 3255 imper
416 3171 511 3243 tiisse,
537 3167 646 3233 scilicet
669 3191 683 3232 e
707 3181 850 3255 quattuor
866 3168 1080 3243 vocabulorum
1103 3175 1255 3260 principiis

133 3300 248 3370 ³:20,
281 3315 354 3380 quas
383 3294 495 3358 litteras
519 3293 640 3358 ultimus
664 3294 711 3357 ille
734 3294 931 3360 israelitarum
954 3294 1109 3372 liberator,
1141 3301 1172 3360 in
1195 3321 1256 3364 mc·

133 3424 257 3486 moriam
281 3421 633 3494 accommodatarum,
659 3418 774 3483 vexillis
798 3422 860 3482 suis
883 3418 1085 3486 inscribendas
1101 3436 1256 3488 curaverat

133 3539 207 3625 (vid.
226 3543 377 3620 Gentium,
402 3543 441 3608 ad
455 3543 587 3608 Maeeab,
602 3543 642 3620 ll,
660 3538 704 3624 ll).
739 3540 813 3607 Nam
837 3541 920 3629 quod
943 3543 991 3608 alii
1015 3543 1122 3610 docent
1142 3569 1255 3632 cogno·

132 3691 199 3736 men
221 3669 294 3734 illud
318 3668 481 3737 derivatum
505 3691 568 3732 esse
592 3691 609 3732 a
632 3668 781 3734 chaldaico
805 3673 930 3773 8:329,
955 3669 1092 3752 malleos,
1118 3692 1178 3757 quo
1204 3670 1254 3736 de·

132 3808 273 3860 notarent
292 3793 463 3860 bellatorem
488 3798 539 3880 qui
562 3795 664 3858 hostes
688 3794 896 3870 contunderet,
922 3794 951 3858 id
968 3794 1040 3857 mihi
1055 3816 1161 3881 parum
1178 3799 1254 3860 veri-

132 3920 225 3988 simile
254 3919 381 3986 videtur.
427 3917 488 3984 Nec
517 3919 604 3984 video
640 3919 792 4006 quomodo
827 3941 860 3984 ea
891 3923 1036 3986 sententia
1064 3920 1254 3986 confirmetur

132 4046 348 4133 orthographia
364 4041 476 4110 Graeca
490 4046 717 4128 Μακκαβαῖος.
752 4043 843 4127 Quod
865 4048 941 4110 enim
957 4045 1105 4110 affirmant
1118 4045 1252 4113 futurum

131 4171 238 4247 luisse,
273 4183 307 4234 ut
335 4172 534 4252 Μαχαβαῒος
562 4169 752 4248 scriberetur,
783 4173 809 4235 si
837 4193 945 4236 nomen
973 4194 988 4234 e
1017 4183 1160 4256 quattuor
1187 4173 1251 4236 istis

130 4298 235 4362 litteris
272 4295 432 4364 conflatum
466 4309 556 4372 esset,
592 4296 623 4360 id
657 4319 718 4363 non
754 4294 878 4382 dispicio
912 4317 971 4382 quo
999 4296 1068 4380 jure
1096 4293 1249 4372 affirment,

130 4443 239 4508 quum,
270 4434 304 4486 ut
332 4424 374 4486 ait
403 4420 544 4486 Gcsenius
570 4415 729 4502 (Thesaur.
753 4445 783 4509 p.
802 4416 896 4503 648),
927 4418 1090 4485 »vocabula
1121 4423 1251 4490 semitica
