3172 5186
825 361 901 439 att

392 453 411 490 ἢ

307 583 400 667 capite
423 591 526 656 sexto,
557 588 816 654 commemoratur,
846 598 939 664 quum
962 575 1090 640 Derides
1114 573 1327 641 formidolosos
1350 582 1430 642 istos

305 705 483 770 Philistaeos
515 703 584 789 plus
613 705 676 766 vice
704 701 828 788 simplici
857 699 1014 787 dejecerat,
1051 722 1144 788 quum
1172 722 1269 766 arcam
1297 701 1429 766 foederis

306 828 447 892 Tsionem
485 827 662 892 transferens
696 825 841 890 Jehovam
876 823 1024 891 Cherubin
1061 825 1237 890 insidentem
1274 829 1431 892 invocavit

307 950 340 1036 (2
356 951 436 1019 Sam.
448 950 499 1029 Vl,
517 951 547 1015 2.
572 949 607 1015 el.
623 951 674 1014 Ps.
690 948 796 1027 XVIII,
818 946 881 1032 11),
906 972 999 1038 quum
1021 962 1119 1014 tamen
1143 953 1213 1016 satis
1236 973 1339 1015 reeens
1363 965 1431 1016 erat

306 1077 389 1143 Sauli
412 1090 442 1141 et
463 1075 616 1140 seditionis
639 1077 725 1140 istius
748 1077 898 1139 memoria.
928 1073 978 1140 Ad
1000 1073 1077 1138 idem
1098 1097 1163 1139 eum
1179 1075 1347 1142 Philisteeis
1362 1077 1429 1141 bel·

305 1203 380 1278 lum,
412 1200 495 1288 quod
525 1205 619 1288 capite
647 1203 752 1287 quinto
785 1198 974 1276 describitur,
1003 1198 1099 1263 refero
1123 1221 1239 1288 pugnas
1269 1202 1334 1265 illas
1359 1224 1428 1266 eum

306 1326 408 1392 eodem
431 1327 532 1403 hoste,
558 1347 632 1412 qnae
655 1327 749 1412 capite
772 1327 983 1390 unetvicesima
1007 1337 1175 1401 narrantur,
1200 1337 1229 1389 et
1252 1325 1428 1391 crediderim

306 1452 526 1538 compilatorem
554 1463 690 1514 nostrum
717 1462 811 1514 totam
837 1449 916 1512 illam
939 1451 1098 1536 pericopen
1122 1471 1139 1512 a
1163 1471 1187 1512 c.
1208 1416 1296 1527 XXI,
1323 1448 1363 1516 15
1387 1452 1429 1516 ad

305 1577 392 1642 linem
409 1599 433 1640 c.
442 1575 528 1641 XXII
543 1575 636 1639 alieno
652 1575 719 1639 loeo
736 1577 905 1650 inseruisse,
929 1586 1087 1660 propterea
1103 1574 1186 1661 quod
1199 1575 1337 1640 ultimum
1351 1576 1429 1641 illud

304 1699 428 1766 llavidis
453 1704 598 1765 canticum
621 1694 658 1780 (c.
674 1695 784 1781 XXIII)
808 1698 911 1762 eodem
935 1697 995 1762 fere
1017 1699 1083 1762 loeo
1105 1698 1285 1763 tessellatum
1301 1703 1427 1766 invenit.

304 1825 396 1915 Ergo,
421 1839 455 1890 ut
469 1825 605 1890 Psalmus
620 1823 684 1888 LX.
709 1822 747 1887 ad
769 1821 979 1898 Moabitarum,
1003 1823 1218 1902 Idumaeorum,
1242 1825 1428 1913 aliarumque

305 1954 437 2039 gentium
460 1949 683 2015 debellationem
705 1959 819 2035 spectat
841 1944 875 2030 (2
891 1945 972 2012 Sam.
984 1943 1073 2030 VIII),
1098 1952 1139 2012 ita
1161 1949 1210 2013 bie
1227 1948 1363 2015 Psalmus
1387 1950 1429 2015 ad

305 2075 501 2163 periculosius
530 2072 604 2139 illud
632 2095 698 2137 cum
720 2072 888 2136 Philistaeis
917 2085 1062 2137 certamen
1090 2069 1132 2155 (o.
1149 2069 1196 2156 V)
1219 2078 1356 2162 proxime
1378 2097 1429 2140 re-

306 2203 401 2287 spicit.

393 2323 567 2400 Varietates,
592 2344 668 2410 quae
690 2325 767 2387 inter
785 2334 945 2408 utrumque
967 2323 1058 2410 hujus
1082 2325 1186 2386 cantici
1208 2324 1360 2411 exemplar
1374 2323 1428 2390 de-

304 2449 538 2539 prehenduntur,
562 2469 677 2513 summa
701 2447 851 2534 diligentia
875 2445 1012 2512 exhibuit
1033 2447 1303 2514 Rosenmuellerus.
1342 2447 1426 2532 Quae

306 2597 397 2662 Qum
421 2574 467 2637 vel
489 2577 521 2636 in
543 2571 667 2636 vocibus
691 2569 960 2659 aequipollentibus
976 2574 1023 2637 vel
1045 2577 1075 2637 in
1099 2574 1202 2638 litteris
1226 2574 1323 2661 figura
1345 2577 1426 2638 simi-

304 2698 382 2764 libus
411 2701 487 2762 inter
510 2719 540 2762 se
568 2700 743 2784 permutatis
766 2697 813 2760 rel
841 2700 872 2759 in
896 2697 1053 2762 earundem
1076 2721 1184 2764 vocum
1212 2698 1315 2765 formis
1340 2700 1425 2765 dum-

304 2836 388 2889 taxat
411 2823 535 2887 diversis
552 2823 598 2886 vel
622 2821 748 2908 denique
770 2823 801 2885 in
823 2843 884 2885 uno
901 2822 1031 2886 alterove
1049 2822 1194 2888 vocabulo
1211 2837 1265 2888 aut
1277 2826 1424 2890 versiculo

305 2953 367 3013 sive
390 2946 491 3011 addito
515 2950 577 3010 sive
601 2950 721 3022 omisso,
746 2949 805 3010 sint
827 2949 953 3032 positae,
980 2946 1063 3011 baud
1085 2947 1167 3014 facile
1189 2951 1245 3014 erit
1266 2949 1335 3014 inde
1359 2953 1425 3037 opi-

305 3075 423 3136 nionem
445 3070 558 3134 firmam
582 3070 617 3134 de
641 3070 884 3158 apographorum
909 3074 1023 3159 origine
1043 3075 1234 3138 consumere.
1275 3073 1424 3138 Idunum

306 3196 514 3262 observatione
552 3195 674 3282 dignum
708 3206 767 3271 est,
809 3195 893 3282 quod
925 3195 1062 3261 Psalmus
1094 3196 1205 3275 XVllI,
1249 3198 1424 3285 plerumque

304 3321 481 3410 pleniorem,
517 3332 562 3384 est
594 3319 647 3384 ubi
675 3319 888 3385 redundantem
921 3316 988 3402 (vv.
1014 3318 1069 3399 13,
1096 3316 1154 3403 14)
1190 3333 1306 3386 textum
1340 3322 1425 3386 exbi-

303 3445 364 3511 bet.
404 3445 444 3510 Et
465 3467 558 3532 qurum
581 3448 686 3510 iterata
714 3448 879 3532 cujuspiam
907 3447 1076 3531 scriptionis
1106 3449 1243 3533 repetitio
1271 3446 1310 3510 ad
1337 3468 1424 3533 prae·

304 3571 456 3638 oidendam
489 3574 591 3658 potius
621 3593 710 3659 mam
743 3570 781 3634 ad
809 3569 1043 3658 ampliticandam
1074 3574 1239 3636 orationem
1266 3570 1422 3648 conducat,

305 3696 462 3762 concludas
488 3696 651 3782 pleniorem
673 3695 753 3760 illam
775 3698 956 3774 versionem,
987 3717 1062 3782 quae
1085 3699 1161 3761 inter
1183 3696 1319 3761 Psalmos
1342 3701 1424 3762 inve·

303 3826 399 3899 nitur,
430 3843 491 3886 non
512 3824 602 3884 toties
624 3823 831 3908 transcriptam
854 3818 946 3886 fuisse
968 3834 1003 3885 ut
1025 3820 1137 3886 scribae
1159 3820 1311 3886 fastidium
1335 3835 1423 3909 atque

303 3948 514 4034 impatientiam
541 3944 653 4010 laboris
681 3957 806 4032 pareret.
848 3945 914 4010 Jam
936 3967 1024 4024 vero,
1053 3967 1091 4010 ex
1119 3949 1162 4010 rei
1191 3949 1286 4034 ipsius
1316 3957 1422 4012 natura

303 4073 397 4160 liquet
423 4070 515 4136 libros
539 4069 684 4136 Samuelis
712 4093 773 4136 non
802 4073 971 4158 pervenisse
1000 4070 1039 4135 ad
1066 4093 1122 4135 nos
1149 4071 1252 4158 quales
1274 4074 1421 4158 prinprio

304 4196 429 4262 conlecti
457 4209 554 4274 erant,
584 4195 636 4260 sed
658 4196 783 4262 scribam
805 4195 1037 4260 Masorethioum
1060 4199 1178 4284 saepius
1201 4199 1337 4262 iteratam
1359 4195 1421 4261 cdi·

302 4326 414 4388 tionem
436 4325 523 4386 novis
545 4321 672 4388 fortasse
694 4319 835 4386 subsidiis
858 4333 973 4386 auctam
996 4321 1103 4387 incude
1124 4321 1323 4410 relingendam
1340 4343 1421 4386 sum·

303 4450 408 4533 psisse.
450 4445 484 4513 Si
511 4449 603 4536 igitur
624 4447 715 4514 editio
739 4450 876 4536 prinecps
904 4450 991 4514 istius
1018 4445 1087 4512 libri
1108 4447 1261 4514 Psalmum
1284 4459 1424 4514 nostrum
