3152 5160
686 337 735 414 tt

155 551 260 614 minem
289 569 395 614 vexare
421 583 457 596 -
483 551 541 614 no's
565 569 635 616 roro
665 561 831 614 constanter
858 553 1031 618 reducamus
1060 573 1158 618 sanam
1185 555 1262 620 illam

156 685 184 738 et
212 675 368 738 salutarem
396 673 572 752 doctrinam,
596 695 684 762 quarn
710 677 740 738 in
768 678 969 740 vetustissimis
996 676 1149 744 Jasharani
1176 679 1263 744 libelli

156 798 322 886 fragmentis
349 803 523 875 invenimus,
550 820 638 888 marn
660 799 747 866 lesus
769 799 900 868 Christus
927 800 1024 866 verbis
1052 803 1208 868 declaravit
1234 817 1264 868 et

156 924 288 1010 exemplo
311 927 387 988 vitae
414 945 483 988 suae
512 947 546 990 ae
572 927 674 990 mortis
698 927 882 1012 perspicuam
904 925 1045 1003 reddidit,
1069 947 1156 1016 qnam
1176 931 1263 1014 primi
1334 994 1336 1008 ,

155 1025 291 1136 Apostoli
324 1048 580 1126 confirmaverunt,
609 1071 702 1138 qoam
725 1049 848 1138 denique
876 1050 1004 1116 Ecclesia
1036 1065 1137 1118 nostra
1157 1053 1262 1140 Angli·

156 1197 226 1238 oana
248 1178 279 1238 in
304 1197 383 1238 nono
406 1174 528 1238 uuordo
548 1195 650 1260 presse
677 1197 710 1239 ao
738 1177 865 1262 prseoise
889 1179 1024 1264 exposuit
1050 1211 1085 1222 -
1110 1189 1262 1264 peceatum

155 1301 272 1385 originis
299 1319 362 1364 esse
384 1302 485 1364 vitiem
507 1311 537 1364 et
558 1299 792 1392 depravationem
819 1313 940 1366 natiuae
962 1301 1118 1388 oujteslibet
1138 1303 1272 1368 lomim

154 1447 192 1489 ex
213 1424 329 1490 Adame
357 1425 527 1490 manualiter
552 1428 721 1511 propagati,
751 1443 808 1513 qna
834 1425 885 1490 liat
913 1439 948 1490 ut
970 1447 1044 1490 coro
1069 1447 1182 1514 semper
1209 1425 1261 1492 ad·

153 1571 255 1614 versus
277 1550 419 1635 spiritum
441 1553 639 1636 oooorrpiseat,
664 1562 751 1638 atque
772 1563 808 1614 ut
828 1550 950 1615 effeetus
971 1552 1074 1616 ramis
1095 1546 1262 1636 (φρόνημα

154 1668 286 1755 σαρκός)
313 1675 368 1760 legi
389 1673 444 1738 Dei
470 1695 530 1738 non
559 1673 745 1760 subjoiature
773 1695 847 1764 qnae
870 1675 985 1764 quidem
1008 1677 1260 1762 eoooeepiseeota'o,

153 1802 240 1866 etiam
260 1802 292 1862 in
314 1798 477 1864 Christiano
499 1799 629 1875 homine,
652 1803 763 1886 peceati
789 1803 819 1866 in
841 1819 904 1865 sese
925 1803 1065 1866 monem
1089 1821 1202 1888 semper
1225 1805 1263 1868 sit

152 1923 297 1988 habitura.

241 2049 386 2126 Ceterum,
409 2060 444 2114 ut
465 2049 601 2114 eondusa
627 2053 665 2114 sit
686 2050 803 2116 alterim
825 2049 991 2135 Fragmenti
1014 2055 1166 2130 oumratio,
1190 2073 1260 2122 oon-

152 2150 311 2240 sideremus
344 2147 392 2250 ea,
421 2195 495 2262 qerae
524 2173 560 2240 de
587 2175 687 2238 exsilio
713 2176 963 2262 protoplastorum
991 2192 1259 2258 commemorantur.

153 2300 261 2366 0mues
282 2300 413 2365 homines
436 2298 566 2386 ejusdem
587 2303 741 2386 prosapiae
763 2323 839 2376 esse,
864 2313 951 2389 atque
973 2301 1011 2365 ad
1032 2323 1122 2366 amam
1144 2301 1261 2370 domum

152 2402 182 2490 et
203 2429 328 2512 patriam
349 2424 529 2501 referendos,
554 2427 708 2512 quinetiam
726 2425 891 2492 Armeniam
914 2425 1003 2490 fuisso
1025 2430 1147 2513 primam
1169 2433 1262 2496 nostrl
1382 2473 1384 2482 ι

152 2554 264 2638 genens
288 2549 384 2616 sedem
410 2572 445 2614 ae
467 2549 654 2627 domicilium,
679 2549 810 2638 equidem
834 2562 950 2614 stante
977 2550 1048 2614 milri
1069 2551 1172 2616 videor
1192 2555 1262 2618 satis

152 2676 365 2740 demonstrasse
389 2672 479 2757 (Now
503 2675 640 2762 Cratylus
667 2669 685 2755 ἓ
706 2669 776 2755 64).
823 2673 969 2750 Quattuor
996 2675 1045 2740 illa
1069 2675 1177 2741 Edonis
1203 2677 1261 2742 lla*

152 2805 251 2877 mina,
273 2823 347 2889 quae
373 2803 404 2864 in
426 2800 498 2866 Gen.
514 2801 554 2878 ll,
579 2800 622 2866 10
639 2821 706 2890 sqq.
732 2813 951 2879 enumerantem,
980 2820 1110 2890 quaeque
1140 2825 1177 2868 ox
1203 2827 1263 2869 uua

152 2947 294 3016 aquaem
322 2927 443 3012 eoduvie
471 2921 544 3010 (hoo
577 2939 637 3004 est,
668 2949 683 2990 e
715 2929 789 2990 mari
817 2921 957 3013 Caspio),
986 2931 1132 2994 manantia
1158 2929 1204 2995 vel
1232 2933 1262 2994 in

152 3075 215 3118 eam
238 3055 373 3118 exeuntia
393 3055 425 3116 in
439 3065 578 3141 quattuor
601 3055 696 3139 eapite
717 3051 913 3130 findebantur,
937 3055 997 3118 sine
1018 3053 1107 3118 dubio
1131 3066 1263 3140 spretam

10 3209 11 3216 ¹
152 3177 189 3242 ad
216 3177 321 3242 duvios
342 3177 470 3264 Volqom
494 3169 628 3278 (pluita)
650 3189 680 3242 et
704 3175 807 3241 Oeam
829 3169 969 3273 (plna),
993 3183 1043 3266 qui
1066 3178 1261 3256 deourrontes,

152 3305 199 3368 ille
226 3303 264 3367 ab
293 3301 424 3366 auriferis
453 3303 588 3366 Charilae
614 3303 661 3369 vel
682 3303 904 3388 Arimasporum
937 3303 1120 3388 regionibus,
1149 3303 1196 3392 hio
1224 3303 1264 3368 ab

152 3425 425 3516 septentrionalibus
441 3427 538 3492 Indiae
559 3427 703 3514 partibus,
727 3430 755 3492 in
775 3427 911 3514 Caspium
934 3427 1068 3504 influemt,
1094 3439 1123 3491 et
1144 3428 1182 3492 ad
1203 3427 1262 3491 llu-

150 3558 213 3620 rios
240 3553 395 3640 Tipridem
411 3529 544 3659 (ἦΡῖῐη)
569 3565 598 3618 et
619 3551 814 3639 Euphratem
832 3546 961 3656 (τῆξ),
982 3555 1036 3640 qui
1062 3556 1092 3616 in
1113 3552 1262 3618 montibus

150 3680 307 3745 merdae
332 3682 467 3743 oriunutr
497 3691 526 3742 et
553 3700 627 3768 quos
654 3691 740 3742 vetus
772 3678 819 3742 ille
851 3677 1038 3766 geograplms
1069 3701 1136 3742 eum
1163 3678 1263 3744 Arane
1335 3733 1337 3738 ,

151 3817 179 3868 et
200 3804 331 3868 Amardo
357 3807 388 3867 in
416 3803 492 3868 idean
515 3801 653 3891 Caspium
675 3815 814 3868 exeuntes
841 3803 923 3868 iaoile
948 3807 1048 3891 potuit
1075 3803 1261 3870 oonfirndere.

149 3929 191 3994 At
213 3933 289 3994 enim
310 3952 381 3993 vero
403 3929 500 3994 scriba
521 3931 567 3994 ille
585 3927 812 4006 Masoretlrieus,
837 3951 928 4018 quum
943 3930 987 3995 ¹de
1010 3929 1129 3994 humani
1150 3932 1263 4014 generis

151 4057 260 4142 origine
283 4054 460 4144 loquendum
482 4040 567 4132 esset,
591 4077 652 4120 uon
674 4054 762 4119 modo
781 4059 994 4144 antiquissimas
1017 4055 1189 4142 easdemque
1210 4075 1261 4118 ve·

150 4183 276 4246 n'ssimas
308 4181 447 4246 historiae
479 4180 648 4246 traditiones
683 4181 811 4266 collegit,
841 4181 892 4245 sed
926 4201 974 4244 eas
1007 4201 1062 4267 pro
1093 4201 1175 4244 more
1208 4201 1263 4244 suo

152 4326 219 4392 eum
242 4307 387 4392 relligiosa
408 4305 560 4370 Jasharani
593 4305 660 4372 libri
690 4309 779 4393 poesi
800 4308 988 4370 commiserit.
1033 4304 1078 4370 lta
1105 4308 1262 4392 mysticum

151 4431 230 4496 illum
251 4431 380 4496 ledonem
402 4432 448 4496 vel
471 4429 636 4498 debeurum
658 4431 792 4507 hortum,
816 4433 865 4518 qui
891 4432 1007 4496 nonnisi
1030 4453 1120 4496 sanae
1142 4453 1176 4496 ao
1197 4435 1263 4518 piae
