3166 5178
825 393 876 466 26

293 605 500 690 amicissimum
528 601 699 670 Solomonis
729 615 759 668 et
784 603 898 667 Hirami
930 605 1135 668 commercium
1163 602 1315 668 Hebraeos
1345 625 1414 670 cum
1470 669 1483 694 ‚

294 729 395 816 Tyriis
418 727 474 792 illis
499 729 718 805 conciliaverat,
744 731 795 814 qui
817 731 847 792 in
868 741 961 793 totam
974 728 1128 816 Europam
1150 727 1297 794 scribendi
1319 743 1414 794 artem

279 855 470 930 intulerunt,
498 854 585 920 illine
605 853 771 918 Pharaonis
800 851 927 918 affinitas
951 853 1140 940 multiplicem
1162 853 1295 941 Aegypti
1317 857 1414 919 seien-

293 982 364 1044 tiam
392 981 423 1042 in
451 978 646 1056 Palaestinam
675 981 800 1065 migrare
828 976 1005 1062 patiebatur.
1053 977 1093 1043 Ut
1120 977 1278 1066 Angustus
1302 977 1413 1044 Caesar

293 1103 375 1191 apud
395 1103 562 1180 Romanos,
588 1115 617 1168 et
630 1101 856 1167 Vicramaditias
879 1103 961 1190 apud
982 1101 1086 1180 Indos,
1109 1106 1151 1166 ita
1173 1101 1319 1168 Solomon
1333 1093 1413 1170 Ben-

293 1229 392 1294 David
425 1226 507 1315 apud
532 1226 678 1292 Israelitas
707 1230 879 1315 omnigenae
915 1227 1066 1292 doctrinae
1099 1241 1128 1292 et
1160 1241 1263 1294 auctor
1291 1241 1354 1292 erat
1382 1242 1413 1294 et

293 1367 449 1441 patronus.
488 1351 556 1416 Rex
583 1353 647 1438 ipse
674 1351 768 1415 multa
790 1350 950 1428 scribebat,
982 1365 1012 1417 et
1034 1351 1071 1416 ab
1098 1375 1133 1418 eo
1160 1366 1293 1440 acceptas
1320 1352 1412 1418 habe·

294 1500 359 1541 mus
383 1476 548 1565 complures
571 1475 720 1563 relliquias
744 1474 782 1540 ad
804 1476 1026 1563 philosophiam
1042 1481 1205 1565 poesinque
1221 1482 1410 1565 pertinentes.

294 1603 396 1666 Fuerit
418 1601 465 1665 ille
486 1615 646 1688 tyrannus,
679 1613 709 1664 at
737 1601 950 1678 theocraticus‚
982 1615 1012 1666 at
1033 1603 1216 1690 relligiosus,
1247 1606 1357 1691 quique
1380 1627 1411 1669 se

295 1726 388 1792 divini
410 1729 538 1791 numinis
562 1725 694 1790 alilatum
717 1729 863 1812 accepisse
885 1726 1084 1813 profiteretur.
1118 1727 1158 1791 Et
1173 1749 1264 1816 quum
1279 1728 1412 1816 undique

293 1865 376 1916 tanta
397 1850 542 1915 honarum
566 1871 663 1940 rerum
687 1849 869 1916 abundantia
884 1850 1118 1929 circumactae,
1143 1874 1235 1940 quum
1249 1857 1413 1940 unusquis-

279 1999 352 2068 ·que
380 1976 576 2040 israelitarum
606 1973 701 2039 dicere
728 1979 877 2061 potuisset
900 1979 1003 2062 'pacem
1033 1981 1127 2064 ipsam
1150 1980 1182 2042 in
1204 1999 1287 2042 saera
1307 1977 1411 2044 tellure
1463 2037 1465 2047 ,

296 2100 395 2166 sedem
417 2123 501 2164 suam
522 2099 638 2165 fixisse:

473 2289 475 2294 ·
547 2265 639 2322 Tutus
659 2263 710 2322 hos
732 2265 832 2321 etenim
852 2282 918 2322 rura
938 2243 1139 2340 perambulat,>

547 2341 642 2430 Nutrit
661 2389 727 2428 rura
748 2369 828 2428 Ceres
840 2371 976 2454 ¹almaque
996 2371 1153 2444 Faustitas,

546 2481 680 2538 Pacatum
700 2478 819 2536 volitant
837 2496 887 2554 per
906 2497 983 2536 mare
1002 2481 1128 2550 navitae,

549 2585 649 2644 Condit
669 2586 785 2660 quisque
806 2585 878 2644 diem
900 2585 1014 2644 collibus
1034 2588 1064 2644 iu
1084 2588 1156 2658 suis,

547 2693 584 2750 Et
604 2695 689 2749 vitem
709 2691 808 2749 viduas
830 2692 905 2749 ducit
926 2693 961 2749 ad
982 2693 1109 2765 arbores;

547 2799 619 2855 Hine
639 2797 674 2856 ad
697 2799 760 2854 vina
780 2797 852 2856 redit
870 2799 974 2856 laetus:
999 2835 1031 2843 -

295 2995 387 3061 quum
406 2993 507 3037 omues
524 2973 610 3036 vicini
633 2969 728 3036 felicia
751 2975 849 3038 omnia
872 2994 906 3037 ae
927 2973 1082 3062 magnifica
1097 2974 1133 3038 de
1149 2977 1266 3040 ciuitate
1281 2973 1412 3040 Jehovae

294 3087 512 3184 praedicarent,
543 3096 617 3184 quid
645 3096 894 3162 accommodatius
917 3102 1042 3164 inveniri
1064 3113 1168 3186 posset
1189 3112 1320 3186 tempus,
1351 3121 1411 3187 quo

295 3225 441 3311 promissa
465 3235 494 3288 et
514 3234 671 3309 praecepta
686 3222 741 3288 Dei
763 3224 1011 3311 recolligerentur,
1036 3246 1097 3312 quo
1120 3223 1187 3288 libri
1202 3222 1318 3290 beatam
1334 3225 1412 3288 illam

294 3346 460 3436 proborum
483 3347 530 3410 vel
553 3369 621 3410 vere
643 3345 875 3412 Jasharanorum
904 3363 1014 3415 sortem
1043 3348 1233 3437 depingentes
1262 3353 1292 3414 iu
1319 3372 1412 3414 unum

295 3496 404 3563 corpus
421 3476 610 3560 stipareutur,
629 3471 750 3559 adjectis
766 3477 791 3538 si
808 3473 880 3561 quid
895 3487 962 3559 apte
978 3472 1137 3538 declararet
1152 3476 1291 3538 virtutem
1307 3487 1336 3539 et
1350 3478 1413 3562 pie-

294 3612 384 3664 tatem
399 3597 537 3674 Dauus,
563 3597 749 3685 splendorem
772 3611 801 3662 et
820 3597 986 3663 felicitatem
1006 3599 1058 3662 filii
1072 3599 1152 3664 illius
1169 3611 1257 3687 atque
1271 3598 1413 3664 heredis?

386 3723 470 3787 Talia
493 3727 617 3788 suntin
640 3727 812 3788 uuimrsum
835 3745 869 3787 ea
891 3736 1078 3810 argumenta,
1104 3746 1179 3812 qnae
1198 3746 1243 3790 me
1259 3725 1413 3812 impellunt

190 3839 192 3842 ¹
295 3862 330 3914 ut
352 3847 467 3915 credam
490 3848 685 3914 Jasharanum
708 3849 782 3913 illud
805 3851 966 3913 carminum
988 3863 1144 3937 syntagma
1166 3863 1306 3938 regnante
1324 3850 1413 3916 Solo·

294 3998 381 4040 mone
400 3974 556 4040 conditum
579 3996 643 4040 esse
666 3986 754 4061 atque
777 3973 947 4038 conflatum.
993 3972 1058 4039 Jarn
1082 3996 1241 4062 sequamur
1263 3977 1388 4063 singula.

386 4095 432 4182 (l)
458 4099 562 4183 ‘Quum
585 4111 697 4164 certmn
720 4102 775 4176 sit,
803 4102 936 4164 naeniam
959 4099 1038 4164 illam
1061 4099 1184 4166 Davidis
1208 4101 1244 4166 de
1267 4099 1360 4166 Saulo
1384 4114 1414 4165 ct

294 4225 460 4292 lonathane
483 4239 597 4312 partem
620 4225 711 4291 fuisse
734 4227 821 4289 istius
844 4222 926 4302 libri,
950 4224 1085 4314 prolecto
1109 4229 1174 4314 ipsa
1197 4226 1329 4292 collectio
1353 4226 1413 4292 Da-

295 4350 362 4414 vide
385 4355 535 4439 posterior
557 4351 655 4418 luerit.

385 4472 431 4559 (2)
462 4475 560 4559 Quum
583 4481 614 4542 in
636 4476 845 4544 Benedictione
866 4475 971 4543 Jacobi
994 4470 1081 4557 (Gen.
1096 4471 1207 4560 XLIX)
1230 4490 1260 4542 et
1281 4480 1313 4542 in
1328 4474 1413 4542 Nun-
