3152 5160
829 344 879 419 52

295 569 406 632 tamen,
431 569 466 621 ut
492 550 620 644 opinioni
642 556 756 621 alienae
791 558 1022 645 antiquissimum
1049 555 1269 622 brodamemum
1289 559 1409 643 jaciant,

295 693 425 768 apertam
439 681 528 768 hujus
544 682 600 746 loci
614 685 787 747 sententiam
801 685 961 769 perniciose
981 680 1166 748 subvertunt.
1204 682 1313 768 Agitur
1335 685 1410 746 enim

295 807 342 870 bic
366 804 401 871 dc
418 829 525 892 poena
546 809 688 893 serpentis
711 819 740 872 et
768 807 905 872 mulieris.
954 805 1137 874 Suffixorum
1160 808 1240 872 virile
1269 829 1353 892 secus
1380 811 1411 871 in

295 935 409 1036 qm}
431 944 460 996 et
482 927 617 1036 eddidit)
632 944 745 1018 spectat
768 932 806 997 ad
821 954 922 997 vocem
945 933 1107 1019 generalem
1123 939 1195 1039 1¹21.
1231 931 1343 998 semea
1364 934 1411 997 vel

290 1057 397 1143 proles
420 1053 450 1138 (i.
468 1079 492 1122 e.
509 1060 628 1144 specIes,
651 1058 794 1142 γέννημα
808 1057 914 1122 Matth.
931 1058 978 1135 III,
998 1054 1050 1139 17)
1073 1061 1228 1146 utriusque
1248 1059 1334 1122 simili
1355 1058 1409 1122 da-

294 1185 440 1247 mnatione
466 1181 640 1268 implicatur.
686 1181 729 1247 At
755 1181 877 1248 Messias
904 1184 966 1261 ille,
991 1186 1039 1273 qui
1067 1182 1213 1248 oblatione
1240 1205 1293 1248 sua
1321 1185 1411 1248 semel

295 1307 371 1372 iacta
385 1329 485 1372 omnes
508 1307 639 1372 homines
662 1320 778 1372 areatu
799 1321 828 1372 et
842 1306 954 1372 morbo
969 1310 1087 1394 originis
1108 1308 1313 1397 redempturus
1336 1321 1410 1385 erat,

294 1436 324 1496 in
344 1455 377 1498 ea
393 1431 576 1498 damnatione
591 1433 709 1498 obvolvi
730 1455 791 1498 non
811 1436 917 1519 potuit,
934 1455 1008 1522 quae
1025 1432 1061 1498 de
1083 1438 1231 1522 perpetuIs
1245 1437 1409 1510 inimicitiis,

296 1571 325 1622 et
339 1558 375 1622 de
397 1572 538 1645 perpetua
560 1561 662 1644 capitis
685 1559 828 1647 calcisque
851 1561 1023 1624 contritIone
1045 1560 1182 1648 loquitur.
1211 1560 1326 1625 Dixerit
1347 1559 1411 1624 sor·

295 1697 372 1748 tasse
394 1687 537 1772 quispiam
566 1682 779 1771 sospitatorem
806 1696 941 1749 nostrum
967 1706 1028 1749 non
1054 1687 1110 1750 nisi
1136 1707 1189 1772 per
1210 1685 1330 1750 vulnera
1356 1707 1411 1750 sua

294 1811 443 1874 victoriam
467 1809 603 1896 adeptum
625 1831 697 1885 esse,
723 1787 897 1875 etlaudabit
911 1809 1034 1874 fortasse
1048 1810 1085 1875 D.
1098 1811 1181 1876 Paul.
1197 1809 1251 1897 ep.
1269 1809 1307 1874 ad
1321 1809 1409 1874 Rom.

294 1933 380 2011 XVI,
402 1933 454 1998 20.
477 1935 571 2022 Apoc.
589 1933 658 2011 XII,
683 1932 733 1998 17.
782 1932 842 1998 Sed
869 1935 955 2014 hacc,
983 1948 1018 2000 ut
1044 1935 1113 2000 mibi
1140 1933 1255 2024 quidem
1282 1935 1408 2012 videtur,

295 2061 432 2125 aliorsum
467 2072 608 2146 spectant.
658 2059 692 2124 In
719 2059 816 2124 vivida
843 2060 1023 2125 orientalium
1057 2061 1215 2137 rhetorica,
1244 2064 1410 2149 qmcnnque

294 2183 464 2272 triumphat,
481 2188 505 2249 is
520 2177 650 2250 inimicos
671 2184 726 2250 sibi
740 2189 825 2272 ponit
837 2197 978 2274 tanquam
993 2184 1150 2252 scabellum
1164 2185 1273 2273 pedum
1289 2208 1410 2252 suorum

297 2307 357 2393 (Ps.
371 2311 432 2389 CX,
449 2306 488 2393 l).
516 2311 624 2400 Atque,
646 2323 681 2376 ut
699 2333 771 2376 mox
791 2311 946 2388 constabit,
968 2310 1054 2399 longe
1073 2311 1128 2376 aliu
1148 2324 1211 2376 erat
1233 2311 1281 2376 illa
1303 2311 1412 2376 Christi

295 2440 429 2514 victoria,
458 2457 546 2526 quam
573 2449 607 2502 ut
639 2459 704 2501 ctnu
738 2448 880 2524 perpetua
907 2437 992 2501 calcis
1023 2437 1099 2502 illins
1125 2439 1250 2502 victricis
1284 2437 1411 2501 laesione

296 2577 521 2651 compararetur.
555 2562 690 2627 lntiroum
714 2561 803 2648 hujus
823 2562 957 2627 versiculi
980 2583 1096 2628 sensum
1118 2583 1204 2628 nemo
1227 2575 1408 2650 assequetur,

296 2693 350 2754 nisi
373 2693 423 2778 qni
444 2692 474 2754 in
496 2691 566 2774 Ipsis
588 2686 745 2752 verborum
767 2691 894 2775 restIgiis
917 2691 1061 2753 institerit.
1109 2687 1213 2754 Omnia
1235 2691 1309 2752 enlm
1336 2671 1407 2776 pen-⁹

296 2815 368 2880 dent
390 2837 427 2878 ex
449 2835 518 2878 vera
540 2811 704 2877 definitione
726 2834 833 2876 vocum
855 2808 930 2917 *Ilm
953 2825 982 2877 et
1003 2819 1093 2918 ΞΡΡ.
1137 2813 1181 2878 De
1202 2797 1299 2901 priore
1322 2835 1410 2878 voca·

295 2940 367 3006 bulo
382 2941 530 3004 vcrIssitue
545 2938 711 3004 observavit
727 2937 879 3003 Scheidius
897 2933 1030 3020 (iuncta
1045 2939 1084 3004 ad
1097 2938 1126 3003 h.
1139 2939 1158 3004 l.
1171 2962 1217 3026 ap.
1233 2939 1410 3005 Rosenmiil-

297 3067 389 3131 lerum
417 3066 455 3130 ad
476 3065 582 3129 Psalm.
602 3063 771 3141 CXXXIX,
796 3058 865 3145 11):
893 3063 1034 3129 »verbum
1057 3060 1132 3171 qaut
1154 3067 1272 3152 proprie
1298 3067 1410 3129 notarit

179 3185 185 3192 ’
289 3189 427 3278 fricare,
459 3201 570 3274 terere,
605 3193 649 3256 uti
683 3193 840 3254 certissime
874 3201 989 3254 constat
1022 3212 1060 3255 cx
1093 3188 1215 3254 dialecto
1242 3190 1410 3255 Aramaea.»

296 3317 402 3382 Versio
421 3315 601 3381 LXXviralis
627 3315 703 3380 idem
731 3315 853 3380 verbum
881 3311 957 3420 ΒΜ
978 3314 1075 3380 reddit
1102 3312 1256 3401 ἐκτρίβειν
1276 3319 1307 3380 in
1334 3315 1410 3380 lIbro

296 3441 489 3520 Iot.1x,17‚
513 3442 616 3534 ubiuin
639 3440 729 3506 altera
752 3441 882 3506 clausula
896 3441 1238 3506 eubreronomiuantur.
1273 3441 1313 3506 Et
1334 3463 1410 3506 non·

297 3570 384 3634 nullis
411 3567 492 3633 haud
517 3570 659 3632 immerito
687 3567 797 3654 placuit
817 3569 913 3630 versio
936 3569 1058 3652 τρίψει,
1083 3566 1163 3654 quod
1189 3567 1219 3632 h.
1240 3567 1259 3631 l.
1280 3569 1311 3631 in
1336 3566 1409 3632 Cod.

299 3693 415 3759 Coislin.
431 3717 487 3781 pro
502 3691 627 3778 τηρήσει
650 3696 777 3779 repperit
790 3690 1034 3758 Montefalconius
1055 3688 1137 3775 (ride
1151 3692 1303 3780 Aristoph.
1322 3691 1410 3779 Verp.

300 3818 373 3884 739.
400 3815 507 3901 1343).
535 3817 610 3885 Utut
632 3817 690 3883 hoc
711 3817 833 3882 verbum
855 3820 1060 3904 interpreteris,
1084 3839 1201 3882 necesse
1225 3827 1270 3882 est
1291 3816 1411 3882 eandem

298 3950 328 4011 iu
354 3957 478 4035 utraque
507 3945 636 4008 clausula
663 3943 899 4030 significationem
927 3943 1077 4020 exhibeat,
1102 3965 1176 4031 quae
1203 3957 1263 4010 tam
1290 3947 1321 4008 in
1347 3966 1410 4008 ser-

298 4075 393 4159 pentis
417 4061 507 4141 tlltt'w
531 4072 691 4146 conveniat,
716 4088 803 4156 quam
824 4070 855 4132 in
878 4069 1005 4135 mulieris
1028 4073 1118 4176 ΞΡΡ
1151 4065 1227 4135 Nam
1249 4091 1344 4134 sermo
1367 4083 1413 4136 cst

300 4196 336 4262 de
357 4210 458 4263 mutua
482 4187 606 4285 quadam
630 4197 690 4260 sive
712 4197 860 4282 reciproca
882 4195 1015 4260 laesione.
1060 4194 1167 4260 Mnber
1189 4207 1218 4261 et
1240 4217 1359 4284 serpens
1381 4198 1411 4260 in

247 4395 249 4399 ,
299 4337 473 4411 perpetuum
495 4323 635 4388 »vulnera
654 4321 764 4386 alterna
779 4321 906 4410 dantque
926 4319 1080 4410 feruntque
1102 4343 1217 4386 manu.a
1245 4319 1306 4388 Sed
1321 4344 1411 4411 quum

300 4451 441 4536 serpentis
470 4461 558 4536 caput
584 4447 711 4513 humano
737 4447 812 4536 pede
839 4459 988 4512 conterere
1013 4469 1073 4512 non
1100 4446 1176 4512 idem
1204 4460 1248 4513 est
1275 4447 1410 4514 vulnera·

300 4577 387 4641 tionis
409 4595 511 4662 genus,
535 4595 569 4637 ac
591 4577 733 4662 serpentIs
755 4593 880 4650 morsus,
898 4571 1095 4662 quaerendum
1118 4585 1171 4652 est,
1195 4595 1266 4639 num
1289 4573 1344 4638 alia
1365 4576 1410 4639 in-
1436 4605 1439 4612 ·
