3164 5176
594 345 802 466 Q

301 562 388 622 Terea
402 571 478 622 mota
494 571 536 620 est
551 571 578 620 et
594 563 765 622 contremuit.

300 670 345 728 Tu
359 687 409 745 per
423 686 499 726 mare
515 668 722 745 ingrediebaris,
737 687 786 748 per
802 689 887 748 aquas
903 682 996 734 vastas
1011 672 1166 746 incedebas,

298 777 355 836 Nee
370 777 506 852 reliquisti
521 779 638 854 vestigia
652 778 716 834 ulla.

297 886 422 964 Duxisti,
438 895 470 941 ut
485 903 614 960 gregem,
629 886 763 962 populum
779 896 856 950 tuum

297 993 350 1056 Per
365 993 460 1055 Mosen
476 1003 503 1049 11
518 993 665 1055 Aaronem.

131 1188 173 1252 Iis
197 1191 249 1274 qui
273 1188 445 1274 objecerunt
472 1191 561 1253 maris
585 1188 668 1253 rubri
692 1187 817 1252 fundum
840 1189 887 1253 vel
911 1191 1026 1254 coraliis
1050 1194 1143 1255 acutis
1166 1193 1259 1278 impe·

135 1312 231 1377 ditum
260 1313 307 1376 vel
335 1313 401 1400 alga
429 1316 604 1399 impervium
634 1335 712 1389 esse,
748 1317 818 1378 satIs
847 1313 988 1379 refutavit
1014 1315 1257 1400 Rosenmiillerus

134 1436 270 1503 adhibito
301 1437 436 1503 Carsteni
466 1436 622 1502 Niebuhrii
655 1437 690 1501 de
720 1451 847 1525 utraque
880 1463 910 1504 re
941 1443 1120 1506 testimonio.
1166 1441 1259 1506 Deni-

135 1585 194 1650 que
222 1562 299 1627 idem
329 1563 459 1628 ostendit
485 1563 572 1626 talem
595 1567 740 1628 exercitus
763 1587 817 1650 per
838 1587 917 1630 mare
940 1565 1086 1630 vadosum
1108 1568 1257 1653 trajectio-

133 1709 201 1751 nem
231 1709 294 1754 non
326 1686 412 1774 plane
443 1691 505 1752 siue
536 1688 671 1775 exemplo
703 1710 782 1766 esse,
819 1690 1059 1778 quandoquidem
1086 1691 1257 1758 Alexander

134 1834 189 1901 per
221 1834 301 1876 mare
336 1813 543 1899 Pamphylium
575 1807 704 1893 (Strabo
733 1813 815 1891 XIV,
841 1813 860 1878 2
893 1811 972 1898 59)
1009 1827 1039 1879 11
1067 1814 1168 1903 Scipio
1202 1839 1257 1903 per

135 1936 212 2002 vada
241 1937 279 2001 ad
306 1959 402 2003 novae
426 1935 615 2025 Carthaginis
645 1941 760 2002 moenia
783 1934 1080 2023 (1111011145)
1109 1944 1255 2006 exercitus

135 2085 208 2128 suos
233 2062 454 2130 eonduxIssent.
503 2062 592 2146 Quod
616 2062 651 2127 de
675 2066 841 2150 posteriore
865 2077 972 2130 eventu
995 2064 1132 2143 traditur,
1156 2067 1187 2131 id
1204 2088 1256 2132 ex-

134 2191 275 2252 amussim
304 2191 441 2253 convenit
469 2199 589 2252 nostrae
618 2188 770 2252 historiae.
817 2189 919 2254 Livius
950 2194 1025 2254 enim
1053 2194 1107 2255 ait:
1144 2191 1202 2255 »ad
1224 2191 1256 2256 id

135 2313 219 2401 quod
241 2335 296 2378 sua
318 2325 439 2401 sponte,
465 2313 583 2378 cedente
606 2316 636 2377 in
654 2335 733 2377 mare
751 2325 851 2391 aestu,
875 2314 1049 2379 trahebatur
1067 2337 1158 2403 aqua,
1184 2339 1256 2381 acer

134 2441 228 2505 etiam
251 2437 425 2529 Septentrio
454 2449 540 2506 ortae
566 2438 747 2503 inclinatam
776 2449 919 2526 stagnano
942 2440 1130 2529 eodemque
1155 2451 1255 2505 1111111

125 2564 282 2654 ferebat«

223 2685 310 2754 Nulla
333 2691 424 2778 igitur
448 2687 594 2754 dubitatio
618 2701 729 2753 restare
753 2689 840 2755 debet
863 2689 898 2753 de
922 2690 1063 2755 historica
1080 2687 1138 2754 fida
1154 2712 1254 2756 earum

132 2837 247 2893 rerum,
278 2835 353 2902 quae
381 2814 439 2879 hoc
468 2817 580 2880 cantico
611 2812 803 2880 celebrantur.
852 2815 992 2899 Quaestio
1023 2829 1120 2882 autem
1148 2819 1253 2895 oritur,

134 2963 265 3029 quonam
298 2955 431 3028 tempore
466 2941 537 3004 haec
572 2942 671 3004 ovatio
708 2944 875 3027 conscripta
903 2941 1014 3029 Iuegiti
1051 2941 1253 3030 Nachtigallus

133 3070 226 3144 enim,
263 3088 349 3155 quem
377 3065 620 3132 Rosenmiillerus
656 3068 757 3130 citavit
786 3066 823 3130 ad
851 3066 949 3132 Exod.
971 3066 1040 3145 XV,
1066 3066 1094 3132 1.
1123 3091 1153 3156 p.
1177 3065 1252 3145 287,

132 3194 214 3256 hunc
235 3192 394 3280 hymnum,
423 3191 538 3279 qualem
561 3211 640 3255 nunc
663 3213 730 3256 eum
752 3192 892 3280 legimus,
917 3214 934 3255 a
955 3191 1041 3258 Mose
1065 3206 1094 3258 11
1115 3194 1253 3259 Israelitis

133 3317 320 3382 decantatum
349 3317 440 3382 fuisse
470 3316 578 3381 idcirco
607 3329 711 3404 negat,
744 3319 813 3403 quia
843 3316 1048 3404 longiusculus
1079 3321 1132 3396 sit;
1166 3331 1254 3406 putat

132 3445 226 3532 igitur
248 3446 345 3530 ipsum
367 3441 522 3507 ἐπινίκιον
545 3444 664 3506 nonnisi
687 3439 808 3505 versui
829 3439 912 3505 1121
933 3443 1116 3518 constitisse3
1140 3441 1254 3529 reliqua

133 3581 232 3634 autem
256 3571 390 3632 carminis
414 3569 554 3654 pleraque
570 3561 611 3648 (v.
631 3561 774 3648 11-17)
799 3587 903 3631 aevum
918 3565 1093 3630 Davidicum
1116 3565 1251 3653 prodere.

134 3693 192 3763 Cui
215 3693 350 3780 equidem
374 3707 494 3759 eatenus
518 3695 672 3769 assentior,
698 3690 780 3778 quod
804 3695 902 3755 statim
925 3703 996 3780 post
1013 3692 1089 3756 hane
1103 3691 1253 3758 liberatio·

132 3841 198 3885 nem
224 3821 386 3884 existimem
411 3819 563 3883 mulierum
588 3819 711 3882 chorum
734 3830 894 3905 praeeunte
917 3817 1012 3884 Maria
1033 3818 1143 3883 nullam
1167 3819 1252 3882 aliam

133 3946 306 4011 cantilenam
329 3949 449 4010 iterasse
473 3967 560 4032 quam
576 3943 625 4008 illa
640 3942 731 4008 verba
747 3966 822 4031 quae
837 3947 868 4008 in
884 3967 932 4009 vv.
948 3942 976 4021 1,
995 3942 1034 4008 21
1054 3947 1250 4009 continentur.

131 4073 191 4149 lta,
217 4084 252 4136 ut
273 4073 337 4158 ipse
362 4069 515 4147 observat,
540 4069 1167 4158 11111111νί111γιγαντοφονίαν111111111ε
1185 4091 1253 4133 can-

132 4197 238 4263 tabant
267 4193 304 4279 (1
328 4194 408 4262 Sam.
430 4195 540 4273 XVIII,
564 4192 618 4279 711
654 4199 820 4283 »percussit
849 4194 959 4262 Saulus
994 4195 1083 4258 millia
1118 4217 1187 4271 sua,
1223 4207 1253 4260 et

131 4322 231 4389 David
253 4344 322 4388 suas
346 4322 526 4409 myriadas«
558 4323 603 4387 lta
626 4345 745 4411 quoque
768 4325 844 4388 inter
867 4333 980 4386 veteres
998 4319 1134 4398 Graecos,
1159 4342 1252 4408 quum

130 4453 261 4540 primum
285 4451 380 4516 victor
409 4449 514 4538 aliquis
541 4449 667 4538 palmam
693 4447 848 4540 Olympiae
870 4459 1064 4538 reportasset,
1096 4448 1166 4513 satis
1190 4459 1253 4513 erat
