3172 5186
787 425 789 446 ,
832 346 908 420 eso

392 556 471 622 Idem
486 557 662 646 Aeschylus,
686 570 827 647 tanquam
848 571 1000 647 antecepta
1021 562 1118 625 animo
1140 559 1357 638 informatione,
1380 564 1428 627 in·

182 722 188 739 ι
313 681 471 748 sanabilem
493 683 574 748 illum
598 697 726 760 reatum,
750 687 802 772 qui
830 707 867 750 ex
890 685 1070 772 primordiali
1100 689 1262 752 tentatione
1284 691 1428 776 concupi·

313 811 438 874 secutiae
462 813 491 874 iu
513 831 607 898 genus
630 809 752 875 mortale
772 813 899 897 irrepsit,
919 809 1066 900 theologis
1088 815 1199 878 nostris
1227 805 1429 902 praeripuisse

314 934 432 1002 videtur
454 932 576 1025 (Apum.
593 933 658 1002 378
674 931 768 1024 sqq.):

613 1059 734 1125 Batiana
755 1053 779 1147 ἢ
797 1059 935 1126 τάλαινα
960 1055 1067 1128 πειθὼ

612 1185 852 1272 narboni-(irrora
875 1185 1014 1272 ἄφερτος
1036 1184 1124 1266 ἄτας,

613 1307 694 1390 ἄκος
716 1311 752 1378 δὲ
774 1313 841 1379 πᾶν
862 1307 1013 1396 porcean.

315 1439 413 1524 Quum
435 1443 527 1530 igitur
548 1440 620 1506 bace
641 1442 682 1505 sit
703 1441 788 1526 quasi
815 1442 916 1516 inuata
938 1441 1028 1504 menti
1051 1439 1206 1526 cogitatio,
1229 1461 1291 1504 non
1320 1442 1427 1506 mirum

314 1579 368 1643 est,
392 1567 538 1632 simultis
562 1569 659 1654 magni
682 1565 795 1630 consilii
818 1567 890 1629 viris
913 1563 979 1630 talis
1002 1564 1069 1628 libri
1084 1562 1200 1628 ludoici
1223 1567 1428 1654 interpretatio

314 1689 456 1769 suboluit,
473 1713 558 1780 quae,
575 1712 667 1780 quum
683 1690 917 1762 narratiunculae
931 1693 990 1777 ipsi
1010 1688 1229 1754 accommodata
1243 1703 1330 1768 essct,
1347 1713 1428 1756 corn·

314 1819 395 1880 muni
418 1820 548 1882 omnium
571 1817 776 1906 intelligentiae
798 1814 986 1881 satisfaceret
1016 1815 1169 1903 liquidem,
1188 1837 1281 1904 quum
1302 1820 1428 1906 primaru

314 1941 404 2028 hujus
427 1939 494 2007 libri
510 1941 666 2008 editionem
688 1941 838 2030 parabam,
855 1963 958 2030 parum
976 1943 1107 2029 quaesivi
1126 1939 1198 2029 quid
1221 1941 1269 2006 alii
1286 1945 1429 2008 sentirent

313 2066 360 2131 vel
384 2069 552 2133 sensissent.
599 2067 698 2152 Quum
726 2081 821 2132 tamen
847 2079 951 2156 postea
975 2067 1046 2132 mibi
1075 2069 1254 2132 innotuisset
1282 2068 1426 2155 plurimos

314 2213 387 2269 esse,
410 2195 462 2281 qui
485 2196 514 2258 in
537 2191 657 2258 eandem
681 2215 793 2259 mecum
816 2196 987 2259 senteutiam
1011 2206 1223 2270 concesserant,
1246 2206 1334 2282 atquc
1350 2198 1427 2259 inter

314 2317 369 2383 bos
394 2339 501 2397 unum,
525 2341 651 2408 cumque
673 2323 770 2384 virum
794 2317 1027 2396 celeberrimum,
1050 2322 1101 2406 qui
1124 2319 1171 2384 vel
1196 2321 1226 2384 iu
1249 2320 1374 2408 singulis
1396 2333 1427 2386 et

313 2446 434 2509 minutis
457 2443 545 2510 rebus
569 2467 660 2510 meam
684 2447 825 2512 rationem
849 2457 1128 2533 praeoccupaverat,
1153 2445 1229 2510 banc
1250 2458 1354 2511 nactus
1375 2468 1426 2512 oc·

313 2572 460 2635 easionem
483 2571 596 2637 decrevi
624 2569 840 2637 breviusculam
868 2574 1216 2664 catenameoneinnarc,
1240 2583 1276 2635 ut
1302 2571 1425 2638 lectores

313 2699 370 2760 mei
393 2694 595 2782 dijudicarent,
618 2719 690 2763 num
710 2699 864 2764 temeraria
887 2710 964 2762 csset
986 2717 1019 2763 ac
1041 2695 1132 2763 lutilis
1148 2697 1206 2775 illa,
1229 2718 1317 2786 quarn
1331 2701 1427 2764 renti·

312 2821 381 2900 lavi,
409 2825 562 2889 sententia.

624 3036 645 3101 1.
679 3027 834 3102 PAULUS
864 3033 1113 3104 APOSTOLUS.

402 3195 516 3285 Agmeu
540 3195 628 3261 ducat
653 3217 778 3284 magnus
808 3195 855 3261 ille
883 3195 1067 3262 ethnicorum
1088 3197 1270 3286 Apostolus,
1294 3201 1362 3287 qui,
1391 3213 1427 3266 ut

313 3343 403 3411 supra
426 3322 488 3388 dixi
507 3319 520 3404 (
525 3346 554 3410 p.
569 3319 611 3388 59
620 3318 652 3403 l,
667 3324 788 3387 vetitum
812 3321 938 3388 fructum
962 3323 1000 3388 ad
1015 3323 1156 3390 carnalem
1172 3321 1353 3408 ἐπιθυμίαν
1366 3337 1426 3391 ret·

312 3448 391 3514 tulit.
430 3447 524 3535 Cujus
546 3451 768 3536 prosopopoeia
791 3447 906 3535 planius
930 3447 1098 3537 apparebit,
1123 3453 1149 3514 si
1171 3471 1236 3515 eum
1258 3447 1425 3516 Fritzschio

313 3570 421 3656 (Pauli
443 3575 486 3639 od
500 3573 660 3640 Romanos
674 3571 828 3662 Epistola.
851 3573 917 3639 Hal.
933 3572 1028 3640 1839.
1051 3575 1085 3652 ΙΙ,
1101 3598 1132 3663 p.
1145 3571 1178 3654 3)
1202 3573 1348 3641 abstracta
1370 3599 1425 3642 no·

312 3703 391 3765 mina
417 3699 587 3786 majusculis
616 3700 719 3765 litteris
747 3702 897 3787 insignies.
949 3698 999 3766 Sic
1027 3703 1102 3766 cuim
1127 3694 1232 3766 'scribit
1258 3700 1424 3790 Apostolus

314 3821 371 3906 (cd
382 3822 474 3891 Rom.
487 3825 557 3902 Vll,
571 3821 707 3906 i-lllz
730 3825 760 3888 cl
781 3819 841 3890 οὖν
864 3823 1011 3910 accipere,
1034 3823 1052 3893 ὃ
1074 3827 1182 3911 Νόμος
1203 3823 1360 3913 ἁμαρτίας
1381 3825 1425 3915 μὴ

312 3953 452 4032 renosco·
475 3945 559 4014 ἀλλὰ
575 3945 634 4036 τὴν
646 3945 827 4033 ‘Apapetav
842 3946 899 4016 οὖν
920 3947 1030 4033 ἔγνων,
1047 3952 1077 4016 εἰ
1091 3947 1134 4039 μὴ
1153 3946 1205 4018 διὰ
1223 3952 1351 4039 Νόμου·
1366 3949 1426 4040 τήν

312 4099 348 4142 τε
367 4070 637 4161 γὰρἘπιθνμίαν
652 4071 709 4140 οὐκ
724 4074 822 4167 ᾔδειν,
845 4077 875 4142 al
886 4072 930 4164 pol
950 4072 1093 4162 ὁΝόμος
1116 4075 1223 4158 ἔλεγεν
1246 4074 1314 4144 οὖν
1335 4077 1426 4144 ἐπι-

313 4201 517 4288 θυμήσεις.
549 4197 718 4289 {incapacia
740 4201 777 4268 δὲ
792 4201 936 4287 λαβοῦσα
958 4197 1154 4292 ἧἉμαρτία
1177 4199 1231 4270 διὰ
1255 4201 1425 4291 τῆςἜντοὲ

314 4325 370 4414 λῆς
389 4323 621 4414 κατειργάσατο
636 4327 671 4395 ἐν
691 4327 762 4413 ἐμοὶ
783 4330 892 4396 πᾶσαν
907 4329 1102 4414 ἐπιθυμίαν·
1118 4333 1213 4418 χωρὶς
1231 4325 1294 4414 γὰρ
1309 4327 1424 4415 Νόμου

304 4448 466 4538 ‘Apoepcio
487 4453 595 4542 respui.
618 4451 680 4538 lyci
702 4453 739 4521 δὲ
759 4451 838 4532 ἔζων
852 4459 948 4542 χωρὶς
962 4452 1077 4542 Νόμου
1098 4459 1190 4522 ποτέ·
1213 4453 1372 4544 ἐλθούσης
1388 4456 1426 4524 tii
