3152 5160
832 381 906 456 1oa
1024 475 1031 496 .

309 607 369 663 tam
397 592 471 664 duas
498 605 565 661 ante
592 592 731 660 diluvium
753 591 944 660 Noaebanum
973 592 1155 680 genealogias
1184 612 1271 683 quam
1297 593 1424 669 tertiam,

309 740 385 812 quae
398 721 506 788 diluvio
522 719 659 798 succedit,
683 721 722 786 ad
744 719 896 786 arbitrium
918 721 1094 806 scriptorum
1117 717 1258 786 conflatas
1281 721 1426 807 assequi

309 848 501 936 etymologica
520 849 633 914 radone
648 849 810 933 exprimere
824 845 932 910 vellent
947 844 1075 910 ethnicas
1091 843 1232 932 quasdam
1254 843 1426 910 traditiones
1500 855 1503 860 '

277 989 280 996 ’
306 973 354 1038 vel
367 975 518 1060 opiniones
533 994 602 1038 suas
618 971 654 1038 de
667 973 813 1060 primitiva
832 970 983 1036 hominum
999 969 1172 1036 conditione.
1202 967 1264 1035 sed
1285 972 1316 1033 in
1329 972 1425 1057 primo

306 1117 412 1164 novem
433 1101 583 1164 nominum
607 1109 759 1162 stemmate
773 1096 915 1185 quaedam
938 1107 1016 1173 sunt,
1033 1117 1109 1184 quae
1130 1116 1197 1162 eum
1220 1093 1328 1160 dduvio
1351 1116 1425 1160 eun-

308 1235 372 1289 ctos
392 1221 525 1288 homines
547 1221 691 1290 obruente
713 1225 829 1289 minime
852 1223 1037 1299 conueniunt,
1061 1233 1091 1288 et
1112 1223 1162 1309 qui
1177 1219 1355 1285 Lamachum
1375 1221 1427 1284 isti

307 1346 445 1436 farragini
466 1351 621 1414 immiscuit
640 1351 742 1413 miram
763 1350 788 1412 is
804 1345 1002 1426 confusionem
1024 1346 1130 1410 intulit.
1164 1343 1240 1410 Nam
1262 1357 1341 1410 terra
1354 1335 1413 1418 *tit

306 1475 338 1540 in
359 1495 447 1563 quam
470 1472 601 1562 confugit
616 1472 725 1549 Qainus
744 1468 886 1556 (Gean,
905 1467 959 1555 16)
982 1469 1176 1558 proculdubio
1201 1469 1300 1535 eadem
1323 1481 1368 1535 est
1390 1491 1425 1536 ac

307 1573 373 1672 'lil'l
397 1594 486 1684 (Gen.
503 1599 546 1678 X,
571 1594 648 1682 22),
671 1611 701 1664 et
722 1597 843 1666 denotat
864 1599 911 1663 vel
932 1600 1161 1686 antiquissimam
1174 1595 1425 1683 Amalequitarum

307 1724 405 1792 sedem
427 1720 562 1807 (Fuerst,
579 1724 707 1790 Handw.
724 1747 747 1788 s.
764 1719 822 1806 ν),
845 1723 891 1788 vel
907 1721 1057 1812 Lydiam,
1081 1743 1156 1810 quae
1171 1720 1271 1786 Croesi
1292 1733 1425 1808 tempore

307 1853 464 1916 maximam
486 1853 606 1914 minoris
621 1849 710 1916 Asiae
731 1861 844 1935 partem
867 1847 1123 1936 complectebatur.
1152 1845 1266 1912 Nomen
1282 1845 1423 1922 Chanold,

308 1973 388 2064 qnod
408 1971 517 2050 Qainus
539 1975 608 2040 urbi
630 1997 647 2039 a
670 1996 701 2040 se
724 1985 891 2040 exstructae
912 1975 1052 2060 imposuit
1074 1968 1222 2054 (Gean,
1241 1967 1314 2053 17),
1337 1971 1425 2058 plane

307 2098 407 2188 prodit
418 2099 589 2178 imarum,
615 2103 665 2188 qui
685 2100 753 2188 plus
777 2121 865 2188 quam
885 2109 1032 2163 trecentos
1054 2119 1147 2162 annos
1169 2098 1288 2174 vixerit,
1313 2108 1344 2160 et
1358 2095 1424 2161 Ico-

287 2227 402 2304 nium,
426 2223 591 2314 Lycaoniae
617 2224 736 2303 urbem,
765 2223 926 2292 condiderit
948 2219 1070 2310 (Stepb.
1086 2222 1162 2311 Byz.
1184 2244 1209 2287 s.
1225 2245 1253 2287 v.
1269 2215 1422 2302 Ἰκόνιον).

307 2349 461 2416 Praeterea
475 2349 620 2416 Lamecho
643 2350 814 2416 tribuuntur
834 2348 911 2414 duae
930 2371 1050 2426 uxores,
1074 2365 1197 2437 quarum
1211 2347 1279 2412 Ada
1293 2345 1424 2412 Jabalcm

306 2479 433 2564 peperit,
457 2479 507 2565 qui
528 2487 625 2563 poter
649 2475 706 2541 suit
731 2486 884 2563 pastorum
911 2473 968 2538 sub
996 2475 1128 2537 tentoriis
1156 2472 1365 2549 habitantium,
1395 2483 1427 2536 et

306 2593 449 2679 Jubalem,
466 2605 516 2690 qui
525 2611 621 2689 poter
635 2599 691 2666 fuit
708 2602 939 2666 citharizantium
963 2602 1092 2666 omnium
1115 2609 1144 2663 et
1165 2597 1330 2675 tibicinum3
1350 2595 1428 2661 Zilla

307 2739 404 2792 autem
427 2729 541 2814 peperit
555 2725 709 2804 Tubalem,
731 2725 882 2790 fabrorum
897 2723 1083 2790 ferrariorum
1103 2725 1262 2810 principem
1278 2718 1362 2806 (Gen.
1370 2719 1424 2800 IV,

310 2850 350 2915 19
363 2844 451 2940 cqc).
481 2848 542 2916 Sed
564 2851 635 2916 baec
656 2851 799 2916 artificum
822 2863 851 2916 et
871 2861 1024 2937 pastorum
1046 2851 1133 2914 series
1155 2851 1291 2912 uniuerso
1311 2847 1360 2912 illo
1378 2845 1426 2912 di·

307 2975 387 3040 luvio
410 2975 532 3063 abrepta
559 2975 675 3054 fnisset,
704 2980 729 3042 si
750 2975 912 3040 Lamechus
940 2988 1007 3040 ante
1028 2973 1181 3040 Noaehum
1202 2975 1333 3038 vixisset.
1377 2971 1426 3038 Ac

306 3097 484 3166 Lameehum
505 3101 621 3190 quidem
644 3101 727 3166 abam
751 3101 840 3166 fuisse
855 3098 1069 3183 univeraliter
1087 3099 1163 3164 illius
1177 3098 1266 3164 Esavi
1288 3098 1426 3184 designa-

307 3225 425 3304 tionem,
446 3229 609 3315 perspicut,
631 3230 662 3292 ni
677 3226 770 3304 fallor,
787 3225 994 3292 demonstrabo
1010 3247 1102 3314 quum
1121 3224 1160 3288 ad
1174 3235 1311 3312 quartum
1333 3223 1427 3308 hujus

306 3349 403 3427 Partis
429 3351 636 3438 Fragmentum
658 3349 844 3418 tractandum
869 3371 1028 3416 accessero
1070 3349 1183 3414 Interea
1210 3360 1307 3414 autem
1332 3369 1425 3436 quae-

307 3497 416 3556 ramus,
440 3499 499 3567 quo
519 3479 589 3564 jure.
604 3475 729 3542 Kinnaei
750 3478 796 3543 vel
812 3475 885 3554 Qain
907 3479 983 3542 inter
1005 3473 1106 3541 Shemi
1126 3474 1200 3538 filios
1223 3483 1424 3538 numerentur.

305 3601 339 3669 ln
362 3601 520 3680 GemXV,
543 3603 599 3681 19,
622 3603 666 3668 20
681 3601 823 3668 ¹Kr'aueoee'
844 3595 949 3705 (ltlp)
976 3621 1079 3687 agmen
1102 3599 1213 3666 ducunt
1234 3598 1425 3686 populorum,

307 3749 382 3816 quos
397 3724 508 3792 Jebova
524 3729 679 3814 pollicetur
700 3751 732 3794 se
746 3727 916 3798 Abrahamo
936 3729 967 3790 in
982 3725 1123 3790 dicionem
1138 3723 1286 3801 datiuum,
1302 3735 1332 3788 at
1350 3743 1424 3811 pro·

158 3921 162 3929 ,
306 3855 385 3919 xime
407 3865 578 3941 sequuntur,
602 3855 719 3918 nomine
740 3853 807 3917 inde
827 3849 1171 3928 detractionum
1191 3844 1322 3955 (imp).
1357 3846 1425 3914 lam

306 3999 376 4044 vcro
389 3977 657 4044 constatllinnaeos
672 3981 811 4065 exiguam
822 3976 1164 4064 facisseAmalequitarum
1175 3977 1295 4062 stirpem
1306 3969 1423 4057 (lsam.

307 4101 376 4182 XV,
391 4103 442 4169 16.
468 4102 504 4168 el.
516 4102 604 4168 Num.
618 4101 728 4181 XXlV,
745 4102 797 4179 20,
816 4097 881 4185 21).
904 4077 1104 4192 Amalcquitae
1120 4111 1227 4176 aulem,
1245 4103 1295 4188 qui
1316 4121 1424 4187 perpe·

306 4240 374 4294 tuas
402 4249 468 4294 eum
495 4227 630 4294 israelitis
659 4230 819 4294 inimicitias
842 4227 1032 4305 exercebant,
1054 4249 1114 4292 una
1139 4247 1206 4290 cum
1228 4225 1423 4302 Kinnizzads,

306 4353 483 4420 inurbani
505 4353 580 4420 lilios
602 4365 793 4420 numerantur
808 4350 892 4438 (Gen.
904 4351 1044 4429 XXXVI,
1063 4350 1114 4430 11,
1133 4345 1197 4433 12).
1225 4349 1314 4418 Patet
1334 4352 1427 4438 igitur

307 4477 469 4556 Kinnaeos,
493 4502 553 4548 una
575 4503 641 4546 oum
663 4481 855 4568 Analequitis
883 4491 913 4544 ct
933 4477 1134 4553 Kinnizzaeis,
1157 4479 1208 4564 qui
1234 4479 1264 4541 in
1286 4475 1423 4542 meridio-
