3164 5176
607 357 819 471 gm—

152 567 299 655 quidquid
333 566 375 633 ibi
409 569 587 633 couveniens
616 583 704 657 atque
734 569 986 636 accommodatum
1013 569 1200 637 invenirent?
1233 567 1273 636 Ut

151 693 224 756 mihi
247 692 367 778 quidem
391 692 517 772 videtur,
542 694 592 758 illa
615 697 805 760 victoriacum
829 717 904 782 quae
927 695 1036 760 losuae
1058 717 1190 784 pugnam
1213 708 1273 760 sta·
1343 705 1355 732 ⁰

150 821 205 882 tim
234 817 446 883 antecedebant
474 823 730 898 commemoratio,
761 842 850 907 quam
873 824 904 885 in
927 833 1055 907 utroque
1077 821 1195 886 Psalmo
1219 821 1273 886 ha·

151 940 256 1007 bemus
281 938 449 1024 (CXXXV,
469 944 510 1010 10
526 966 591 1034 sqq.
617 942 788 1023 CXXXVI,
805 943 845 1009 17
858 941 948 1032 sqq),
971 945 1065 1009 multo
1085 947 1272 1010 molluscum

153 1071 275 1154 antiqua
299 1073 452 1147 ovatione,
484 1093 573 1158 qnam
601 1093 667 1135 cum
690 1074 795 1136 iterata
818 1069 934 1157 Templi
957 1073 1177 1135 consecratione
1202 1093 1273 1135 con-

152 1196 274 1258 veniret.
309 1191 349 1258 llt
372 1217 447 1283 quae
471 1194 506 1261 de
522 1195 592 1262 Sole
616 1210 646 1260 et
665 1196 750 1261 Luna
773 1195 955 1262 inducuntur
978 1192 1158 1278 (CXXXVI,
1172 1190 1272 1276 7-9)

154 1321 264 1405 optime
294 1317 475 1406 quadrarent
501 1323 533 1385 in
561 1321 663 1386 ultima
686 1321 842 1387 lacharaui
871 1324 1007 1386 carminis
1031 1333 1189 1398 commata,
1219 1318 1272 1384 ubi

152 1438 247 1506 Josna
268 1446 326 1507 ista
347 1445 458 1508 lumina
481 1445 652 1534 alloquitur.
692 1445 772 1529 Quid
795 1447 878 1535 quod
901 1445 1019 1534 fulgura
1042 1466 1273 1510 commemoran-

152 1579 203 1632 tur
226 1564 394 1649 (CXXXV‚
412 1568 431 1632 7
448 1566 542 1657 sqq),
573 1593 701 1658 quorum
731 1575 762 1636 in
784 1574 910 1636 victoria
931 1570 1042 1637 tosuae
1067 1583 1166 1636 tantae
1189 1583 1273 1635 eraut

151 1693 275 1780 partes?
307 1694 394 1758 Hunc
421 1695 533 1773 locum,
565 1699 617 1782 qui
644 1696 725 1783 apud
747 1696 902 1762 deremiam
926 1691 983 1778 (X,
1003 1694 1053 1760 13.
1077 1696 1128 1773 Ll,
1149 1692 1202 1779 16)
1224 1693 1271 1759 bis

153 1821 296 1896 occurrit,
327 1841 362 1884 eo
390 1819 576 1908 probabilius
608 1835 745 1887 avctore
774 1825 900 1886 carmine
924 1819 1113 1908 desumptum
1135 1843 1198 1886 esse
1222 1820 1272 1886 de·

153 1943 261 2021 ducas,
286 1945 368 2032 quod
383 1949 439 2009 iste
454 1946 602 2032 propheta
618 1945 755 2034 frequens
772 1959 817 2013 est
831 1950 862 2012 in
879 1945 956 2012 libro
972 1946 1137 2011 lasharano
1154 1945 1271 2012 citando

153 2064 203 2149 (11.
221 2091 312 2157 supra
326 2093 357 2157 p.
372 2066 458 2152 160).
494 2071 574 2160 Ergo
600 2084 743 2159 quantum
767 2074 936 2159 conjectura
958 2075 1077 2160 assequi
1099 2093 1270 2158 possumus,

151 2193 348 2259 Jasharanum
377 2217 507 2273 carmen,
538 2196 620 2283 quod
648 2199 679 2261 iu
706 2197 783 2261 libro
811 2197 923 2262 losuae
951 2200 1124 2262 nominatim
1154 2199 1270 2273 citatur,

151 2322 260 2384 iterum
286 2323 420 2385 resarciri
447 2333 561 2408 potest,
593 2326 618 2386 si
641 2321 785 2409 quaedem
814 2325 844 2385 in
868 2326 1036 2387 narratione
1059 2325 1125 2409 ipsa
1147 2324 1272 2409 vestigia

153 2463 220 2508 curn
242 2447 278 2508 iis
301 2448 457 2534 utriusque
480 2445 589 2512 Psalmi
613 2446 748 2512 versibus
772 2450 813 2538 ita
836 2450 1076 2534 compinguntur,
1102 2459 1138 2509 ut
1155 2447 1272 2530 justum

151 2591 260 2656 poema
281 2570 350 2635 inde
372 2585 552 2638 renascatur.
598 2571 632 2636 ld
655 2573 737 2660 quod
761 2574 928 2659 speciminis
951 2574 1046 2658 gratia
1068 2573 1188 2635 tentavi.

241 2694 341 2761 Verba
370 2718 446 2785 quae
473 2700 505 2762 in
529 2701 666 2762 citatione
688 2696 853 2762 lasharana
877 2708 1052 2774 occurrunt,
1084 2707 1113 2760 et
1135 2715 1211 2781 quae
1233 2689 1272 2757 ad

153 2841 269 2886 carmen
292 2822 490 2908 supplendum
514 2809 631 2888 aliunde
654 2824 819 2911 desumpsi,
844 2822 938 2886 facilia
954 2835 1025 2886 sunt
1039 2820 1197 2896 intellectu
1220 2841 1272 2883 ne-

154 2968 211 3033 que
234 2947 323 3010 ullam
346 2951 567 3012 annotationem
591 2947 767 3013 desiderant.
804 2948 904 3031 Quum
926 2959 1023 3013 tamen
1045 2946 1137 3009 multa
1162 2967 1200 3008 ex
1213 2942 1271 3008 lide

119 3095 122 3099 ·
152 3071 301 3137 losuanae
322 3077 501 3138 narrationis
524 3074 665 3138 historica
687 3073 815 3162 pendere
831 3073 996 3149 videantur,
1022 3093 1129 3159 operae
1143 3073 1272 3158 pretium

153 3200 222 3274 erit,
250 3201 424 3285 priusquam
447 3198 486 3262 ad
508 3197 643 3263 Deborae
667 3204 812 3264 canticum
833 3212 996 3273 transeam,
1019 3195 1175 3283 periodum
1198 3207 1273 3260 tem·

152 3325 250 3409 poris,
280 3343 355 3410 quae
377 3327 454 3388 inter
475 3323 586 3388 losuac
610 3337 639 3388 et
660 3323 791 3410 Baraqui
813 3326 953 3388 victorias
976 3324 1155 3398 intercessit,
1187 3341 1272 3386 accu-

151 3450 246 3511 ratius
269 3450 299 3512 in
322 3469 446 3512 examen
468 3471 584 3514 vocare.

241 3573 275 3637 ln
297 3573 355 3638 hoc
377 3576 444 3661 ipso
470 3574 599 3660 capitulo
623 3574 715 3638 multa
739 3593 802 3638 esse
824 3571 966 3659 perplexa
982 3582 1012 3634 et
1027 3566 1160 3646 confusa,
1186 3567 1272 3632 disci-

152 3720 220 3762 mus
244 3719 282 3762 ex
300 3719 389 3762 versu
414 3695 464 3775 15,
490 3702 558 3785 qui,
581 3712 617 3764 ut
637 3699 771 3786 plerique
794 3701 968 3783 interpretes
992 3692 1270 3770 animadverterunt,

153 3823 249 3888 alieno
272 3823 338 3886 loco
361 3827 479 3910 positus
503 3837 562 3902 cst,
588 3837 617 3888 et
638 3836 752 3889 tantum
776 3826 807 3888 in
829 3823 887 3887 fine
911 3823 1015 3910 eapitis
1038 3819 1195 3908 legendus,
1219 3816 1272 3882 ubi

153 3951 240 4011 etiam
262 3951 418 4035 reperitur.
460 3948 569 4027 Nemo,
595 3953 647 4044 qui
669 3948 768 4014 latiori
791 3951 906 4013 criticae
930 3968 1050 4034 operam
1074 3943 1168 4020 dedit,
1193 3945 1273 4029 capi-

152 4072 248 4136 tulum
272 4072 362 4158 hujus
385 4071 453 4138 libri
476 4073 620 4138 decimum
643 4097 709 4138 cum
732 4074 887 4138 undecimo
908 4069 1100 4160 comparabit,
1124 4081 1154 4133 et
1168 4080 1273 4154 postea

153 4195 315 4275 dubitabit,
346 4201 419 4286 quin
441 4198 580 4264 indoctus
603 4199 650 4263 ille
674 4199 858 4286 compilator,
883 4200 935 4283 qui
959 4198 1054 4262 varias
1077 4194 1131 4258 has
1156 4193 1191 4256 dc
1216 4190 1274 4257 Ca-

152 4343 352 4389 naanaeorum
387 4323 581 4389 debellatione
613 4322 787 4388 traditiones
820 4326 852 4386 in
885 4342 979 4385 unum
1010 4340 1119 4405 corpus
1148 4316 1272 4404 redegit,

152 4445 263 4514 Josuae
286 4447 425 4517 tribuerit
445 4451 632 4536 potissimam
648 4447 799 4516 Teanachi
817 4446 855 4513 ad
869 4443 1093 4534 Megidduutem
1108 4443 1273 4517 victoriam,

1027 4555 1073 4622 17·
