3152 5160
841 343 892 414 98

307 554 512 642 explicandum
535 557 574 618 sit
597 552 907 617 accommodatissima.
955 548 988 614 Si
1012 552 1089 614 enim
1111 553 1168 620 ΞΠ
1192 549 1230 617 ad
1253 549 1429 614 sacrificium

305 693 448 766 tanquam
470 679 534 744 Deo
564 678 666 744 datum
694 690 723 742 et
749 689 902 762 acceptum
924 676 1059 762 respicit,
1089 647 1343 766 ¹7tt21'lerite‘s,
1374 675 1431 760 qai

304 815 428 891 pratens
446 805 517 880 Deo
541 803 726 868 oblationem
742 801 935 887 praestabat,
959 799 990 864 id
1013 798 1096 886 quod
1119 769 1236 865 ex'hac
1258 800 1429 862 narratione

307 929 408 994 elucet.
446 927 479 993 Si
503 940 600 992 autem
625 933 680 1000 ΞΠ
703 926 740 990 ab
764 927 853 1028 nni}
876 923 1024 1012 procedit,
1049 898 1162 1016 Stulti
1186 921 1340 988 denotabit
1355 921 1428 988 Deo

307 1064 428 1120 amatas
457 1064 485 1117 et
512 1053 643 1134 amicas,
674 1051 757 1138 quod
786 1050 821 1115 de
850 1053 927 1136 grati
956 1048 1088 1114 sacrificii
1117 1019 1237 1113 auctore
1265 1046 1429 1133 praedicari

305 1191 414 1265 potest.
460 1177 511 1241 Ad
537 1177 741 1242 Abrabamum
770 1197 842 1240 vero
871 1187 997 1261 utraque
1030 1175 1233 1260 interpretatio
1264 1195 1302 1237 ex
1330 1192 1426 1257 aequo

305 1302 525 1368 accommodata
549 1314 602 1366 est.
638 1302 665 1365 Is
689 1305 792 1387 utique
813 1322 884 1386 prae
901 1298 1038 1364 omnibus
1054 1297 1224 1364 homiuibus
1239 1296 1429 1386 saom'ficeeaa

305 1427 369 1492 Ileo
396 1438 522 1512 protana
550 1440 638 1513 atque
668 1436 827 1512 acceptam
854 1427 1003 1511 praestitit
1026 1419 1119 1505 (Gen.
1138 1418 1257 1504 XXll);
1292 1424 1317 1485 is
1340 1424 1427 1484 etiam

305 1552 444 1638 peculiari
469 1575 559 1618 sensu
574 1552 639 1618 Det
655 1552 771 1616 amicas
793 1549 967 1636 appellatur,
993 1551 1103 1635 quippe
1127 1551 1179 1634 qui
1201 1550 1297 1634 gentis
1320 1545 1426 1610 electae

304 1676 411 1760 Israel,
437 1699 539 1742 eorum
562 1680 615 1763 qui
636 1680 709 1778 'tsstj
724 1675 926 1761 perhibentur,
950 1687 1035 1761 pater
1051 1685 1142 1751 esset3
1167 1675 1208 1736 ait
1223 1675 1299 1736 enim
1315 1671 1427 1735 Jesaias

307 1798 400 1883 (XLI,
419 1799 469 1883 8):
500 1801 558 1865 »Et
580 1814 614 1882 tu
637 1801 749 1882 Israel,
778 1822 861 1864 serve
884 1801 938 1876 mi,
963 1796 1077 1880 Jacob,
1102 1819 1190 1884 quem
1214 1797 1304 1881 alepi,
1329 1817 1426 1860 semen

305 1924 468 1990 Abrabami
498 1926 691 1989 amictant«
716 1919 864 2017 (Ὁηὲέ).
912 1923 994 1999 Alia,
1025 1944 1101 2009 quae
1124 1922 1162 1985 ad
1184 1922 1260 1986 banc
1282 1923 1427 1985 rationem

305 2049 445 2114 tuendam
468 2051 580 2125 valent,
606 2055 819 2135 proponemus,
844 2071 936 2135 quum
960 2048 998 2111 ad
1021 2047 1078 2111 hoc
1101 2045 1297 2134 fragmentmn
1320 2049 1351 2110 in
1367 2048 1427 2109 sin·

276 2167 280 2176 ’
306 2173 383 2259 gulis
406 2173 542 2260 partibus
559 2173 746 2238 enodandum
762 2172 975 2238 descendimus.
1008 2173 1134 2248 Interea,
1160 2193 1310 2236 sumamus
1325 2168 1429 2234 Habel

306 2298 344 2361 ad
366 2297 584 2375 Abrahamum,
616 2301 635 2362 i.
660 2321 684 2362 e.
713 2302 796 2362 initia
823 2301 919 2386 gentis
949 2296 1143 2374 Jasharanae,
1174 2309 1314 2382 spectare.
1361 2294 1427 2359 Jatn

305 2446 377 2488 vero
398 2437 541 2511 quattuor
563 2424 617 2487 bas
640 2424 874 2488 narratiunculas
899 2423 1067 2510 singillatim
1089 2443 1311 2508 persequamur,
1336 2441 1426 2507 quae·

304 2571 463 2636 namtasque
486 2553 517 2614 in
540 2571 734 2637 unaquaque,
760 2571 903 2636 quaenam
927 2569 1015 2614 causa
1038 2547 1075 2612 ad
1098 2548 1235 2613 ecclesiae
1253 2547 1325 2610 lines
1342 2567 1426 2609 coar-

306 2674 439 2751 candos,
465 2687 552 2761 atque
576 2675 614 2738 ad
638 2687 802 2739 ceterorum
825 2674 979 2738 hominum
1002 2671 1249 2760 improbationem
1269 2669 1424 2736 conferret.

579 2981 623 3050 IN
650 2980 949 3051 FRAGMENTUM
975 2981 1148 3052 PRIMUM.

395 3168 498 3235 Scriba
513 3171 729 3236 Masorethicus
753 3195 861 3237 nomen
876 3171 991 3274 lloachi
1010 3174 1165 3239 dumtaxat
1181 3184 1341 3260 propterea
1355 3171 1425 3236 huic

304 3293 370 3358 loco
394 3296 508 3373 intulit,
534 3297 617 3383 quod
636 3298 798 3362 secundum
820 3297 1036 3385 genealogiam,
1062 3320 1151 3385 quam
1173 3311 1292 3363 secutus
1316 3313 1374 3376 est,
1398 3302 1424 3363 is

303 3417 361 3484 luit
384 3423 469 3506 quasi
492 3422 564 3486 alter
587 3422 708 3486 humani
731 3425 846 3510 generis
870 3435 983 3488 auctor.
1020 3422 1081 3486 Sed
1102 3423 1215 3488 nullum
1236 3424 1284 3488 bic
1298 3422 1423 3488 Noacbo

304 3543 483 3610 domicilium
507 3569 584 3624 esse,
610 3551 691 3624 satis,
716 3551 760 3610 uti
784 3570 882 3633 spero,
906 3547 1048 3635 intelliget
1069 3548 1169 3625 lector,
1195 3570 1287 3635 quum
1303 3546 1339 3612 de
1354 3571 1424 3614 vera

302 3668 394 3754 hujus
425 3673 552 3734 nominis
582 3671 794 3758 significatione
827 3675 858 3736 in
886 3675 974 3737 tertia
1002 3686 1086 3759 parte
1116 3672 1317 3759 disputavero.
1362 3672 1424 3738 Nec

302 3805 399 3858 tamen
422 3797 454 3857 in
476 3807 557 3860 tanta
581 3819 680 3861 rerum
696 3795 875 3861 obscuritate
892 3801 963 3862 satis
978 3783 1086 3885 liquet,
1112 3797 1194 3884 quod
1210 3821 1318 3864 nomen
1333 3801 1424 3864 trium

301 3915 476 3983 familiarum
506 3923 634 4006 genitori
662 3921 762 3986 indere
787 3919 954 3986 debeamus.
1000 3919 1138 3987 Narratio
1167 3927 1232 4010 ipsa
1256 3947 1313 3988 nos
1337 3923 1425 3989 docet

300 4046 464 4129 genitorem
488 4044 568 4108 illum
592 4044 683 4108 fuisse
707 4048 776 4110 vitis
800 4049 912 4110 etvini
936 4050 1134 4125 inventorem,
1165 4051 1231 4135 qui,
1262 4048 1422 4135 aliquando

300 4166 479 4245 inebriatus,
510 4169 609 4234 nudus
638 4173 669 4232 in
697 4169 887 4235 tabernaculo
914 4171 1040 4256 jacebat.
1087 4172 1135 4238 Ex
1157 4173 1299 4260 Dionyso
1322 4176 1423 4259 itaque

299 4288 395 4356 laetus
419 4306 464 4356 est
478 4295 633 4380 Priapus,-
657 4307 685 4359 et
708 4307 829 4360 narrant
851 4297 1064 4386 mythograpbi
1081 4294 1183 4362 Graeci
1207 4295 1424 4382 φαλλοφόροι)

299 4413 380 4480 hunc
394 4416 489 4483 Deum
514 4442 551 4484 ex
567 4419 677 4506 duplici
693 4420 816 4486 Veneris
838 4444 904 4488 cum
920 4421 1057 4510 Dionyso
1074 4435 1103 4489 et
1117 4421 1256 4488 Adonide
1272 4420 1422 4488 connubio
