3152 5160
662 411 730 484 101

132 626 208 687 ticae
231 615 389 708 prosapiae
412 625 496 710 orgia
517 635 624 710 postea
646 625 676 686 in
700 621 858 686 dramatico
874 621 1053 690 Graecorum
1075 629 1161 711 poitsi
1176 627 1258 694 haud

133 751 274 835 exiguam
302 750 362 810 vim
381 746 599 833 proferebant,
636 759 759 834 apparet
786 759 884 812 tamen
915 771 953 815 ex
981 751 1191 838 mythologicis
1221 753 1256 818 de

134 871 273 960 Orpheo,
303 873 443 959 Lycurgo
473 884 502 936 et
525 872 658 936 Pentheo
687 870 913 950 traditionibus,
944 896 1033 961 quam
1055 877 1140 939 in'viti
1163 875 1256 942 sobrii

132 1009 223 1084 atque
247 997 394 1084 elegantes
419 995 521 1063 Graeci
550 995 749 1062 turbulentam
772 997 847 1064 banc
870 998 1051 1086 relligionem
1074 1002 1254 1087 acciperent;

131 1121 270 1210 idemque
293 1126 335 1188 rei
358 1125 529 1211 peregrinae
554 1121 656 1186 odium
672 1121 821 1188 declarant
835 1122 1020 1211 temporibus
1035 1126 1254 1211 posterioribus

131 1269 236 1312 severa
257 1247 462 1313 Romanorum
490 1248 525 1313 de
548 1247 782 1313 Bacchanalibus
801 1248 938 1314 decreta.
984 1249 1064 1312 Haec
1093 1263 1190 1316 autem
1217 1251 1255 1318 ad

131 1386 257 1438 aetatem
278 1373 367 1462 longe
388 1386 460 1460 post
483 1377 685 1461 insequentem
709 1386 851 1461 spectant.
892 1372 992 1456 Quum
1014 1374 1073 1438 hoc
1094 1375 1254 1464 Fragmen-

131 1509 194 1564 tum
217 1502 313 1586 primo
338 1499 498 1564 conflatum
521 1512 580 1576 est,
604 1498 766 1564 Bacchicus
790 1499 837 1564 ille
861 1498 1080 1570 enthusiasmos
1099 1513 1128 1566 et
1143 1503 1253 1568 tumul·

128 1637 236 1689 tuosae
264 1623 490 1712 phallophoriae
518 1625 615 1689 cultus
639 1623 722 1689 sedes
746 1623 892 1712 lapeticas
916 1624 1050 1690 nondum
1073 1627 1250 1692 invaserant.

130 1748 336 1814 Certissimum
359 1762 404 1814 est
426 1748 542 1813 foedam
565 1750 642 1814 hanc
664 1753 885 1837 superstitionis
908 1748 1048 1826 sormam,
1074 1771 1149 1837 quae
1169 1755 1252 1839 geni·

127 1877 205 1940 toris
229 1874 367 1962 genitalia
389 1873 531 1939 nudanda
553 1886 582 1939 et
603 1874 723 1962 publica
745 1877 884 1940 ovatione
907 1861 1079 1940 deducenda
1101 1877 1252 1942 existima-

128 2003 187 2076 vit,
219 2021 352 2086 quaeque
379 1997 511 2064 libidinis
542 2002 728 2066 incitamenta
752 2001 868 2086 jactans
899 1999 937 2065 ad
965 2013 1069 2088 stupra
1098 2014 1200 2088 aperte
1222 2016 1252 2067 et

125 2125 327 2212 promiscuam
343 2128 532 2189 scortationis
549 2124 793 2190 consuetudinem
807 2129 935 2192 munivit
950 2129 1037 2203 viam,
1054 2129 1085 2190 in
1096 2125 1247 2214 Aegypto,

127 2247 239 2316 ttoni
266 2261 356 2325 terra,
389 2249 559 2328 oriundam,
588 2251 792 2336 metropolim,
823 2250 902 2316 unde
926 2251 1057 2316 colonias
1081 2251 1247 2329 deduceret,

125 2377 159 2440 in
180 2374 362 2452 Palaestina,
389 2375 531 2440 Camunni
552 2388 646 2451 terra,
672 2378 870 2441 constituisse.

216 2498 282 2564 Hoc
304 2497 385 2564 fonte
408 2499 541 2566 derivata
563 2500 659 2565 clades
683 2504 714 2564 in
736 2500 810 2564 alios
833 2500 964 2587 populos
982 2499 1121 2577 defluxit,
1146 2503 1247 2566 invitis

125 2639 157 2691 ct
179 2625 232 2690 diu
253 2624 447 2691 renitentibus
473 2624 591 2691 Graecis
615 2626 738 2714 aliisque
761 2624 870 2710 Japeo'
889 2627 1062 2712 prognatis,
1095 2624 1131 2689 ab
1154 2625 1247 2691 Israe·

125 2753 184 2817 litis
208 2763 320 2828 autem,
346 2754 397 2838 qui
421 2773 519 2816 veram
544 2748 651 2816 Sberm'
672 2749 855 2838 relligionem
878 2748 1051 2826 tuebantur,
1077 2763 1247 2817 constanter

123 2876 295 2965 repudiata,
320 2897 374 2941 neo
396 2889 515 2974 accepta
538 2899 555 2940 a
579 2879 680 2941 ceteris
702 2875 833 2961 ejusdem
848 2879 1005 2963 prosapiae
1020 2875 1168 2964 gentibus,
1193 2879 1246 2963 qui
1348 2879 1352 2884 '

124 3005 263 3090 apatrio
288 3002 369 3066 cultu
391 3004 528 3089 proxime
551 3001 682 3066 aberant.

212 3127 292 3192 Haec
314 3129 528 3214 interpretatio,
553 3130 584 3190 ni
606 3125 702 3202 fallor,
727 3147 843 3191 omnem
867 3126 935 3191 huic
951 3127 1017 3190 loco
1034 3125 1245 3192 obscuritatem

123 3253 246 3330 ademit,
271 3266 300 3318 et
323 3256 409 3340 quasi
432 3265 517 3317 vetus
541 3251 737 3316 obvolucrum
752 3249 860 3316 Sacrae
876 3249 1048 3339 Scripturae
1071 3251 1169 3317 verbis
1194 3251 1244 3316 de·

122 3382 225 3445 traxit.
273 3377 439 3461 Quinetiam
468 3391 532 3442 tum
559 3378 617 3441 hoc
643 3390 707 3441 tum
729 3380 865 3463 proxime
889 3375 1061 3441 antecedens
1085 3376 1244 3464 Fragmen-

121 3519 186 3570 tum
210 3491 282 3568 dant
303 3506 427 3567 invicem
451 3505 658 3590 accipiuntque
686 3503 789 3568 lucem.
836 3501 897 3566 Nec
920 3500 1024 3565 dubito
1042 3504 1122 3586 -quin
1145 3505 1243 3566 cuncti

120 3632 277 3718 peritiores
307 3631 476 3693 concessuri
505 3631 579 3705 sint,
617 3625 738 3710 Cleant,
773 3625 972 3712 Cuuouur'que
1000 3626 1116 3713 culpam
1145 3630 1176 3690 in
1206 3649 1241 3692 eo

121 3757 304 3830 constitisse,
343 3753 426 3840 quod
453 3753 569 3818 ethnica
601 3752 673 3816 hacc
701 3750 810 3815 familia
839 3751 1072 3816 abominationes
1100 3752 1241 3841 Priapeas

119 3880 279 3967 relligiosis
302 3876 408 3943 ritibus
432 3876 701 3955 commendaverat,
731 3890 760 3941 et
783 3889 922 3965 cognatas
946 3877 1053 3964 Japeo'
1076 3875 1240 3964 Sbemique

121 4007 229 4090 stirpes
257 4007 288 4067 in
311 4003 388 4068 idem
410 4006 516 4067 vitium
538 4015 703 4068 tentaverat
728 4001 874 4068 seducere.
922 4001 1021 4085 Quum
1043 4015 1140 4066 tamen
1162 4002 1241 4068 illam

120 4127 266 4193 maledicti
292 4131 531 4216 imprecationem
560 4151 622 4192 non
651 4131 681 4191 in
706 4127 815 4192 Cbamr'
837 4127 890 4192 sed
914 4126 1056 4192 Caouooa'
1077 4139 1167 4213 caput
1189 4127 1240 4190 de-

119 4266 245 4319 testetur
274 4255 364 4319 trium
394 4253 518 4318 fratrum
541 4256 673 4340 genitor,
704 4252 777 4317 mihi
799 4255 934 4340 persuasi
958 4250 1128 4316 Canaanum
1150 4273 1240 4336 πρω-

119 4380 317 4463 ταγωνίστην
350 4378 441 4443 fuisse
475 4382 506 4442 in
540 4379 598 4442 boc
632 4379 776 4456 dramate,
812 4377 938 4464 ideoque
962 4369 1000 4449 “D
1023 4379 1151 4472 &⁸:3th
1181 4401 1238 4465 pro

119 4498 158 4577 Ἢ
175 4508 260 4608 ᾯζξ,
284 4504 457 4592 ponendum
472 4526 535 4570 esse
550 4517 622 4592 post
644 4509 744 4606 liptf,
770 4501 900 4570 Canaani
923 4523 1030 4569 nomen
1047 4471 1239 4590 repetendum
