3172 5186
688 279 779 370 3311Ι

165 489 333 558 absolutam
360 501 392 570 01
421 501 652 556 consummatam
677 489 921 579 tranquillitatem
948 490 1005 557 sibi
1031 489 1188 557 videbatur
1213 513 1281 580 per·

164 620 296 694 venisse,
325 638 417 704 quum
440 637 507 680 arca
529 613 665 694 foederis,
688 618 808 680 incertis
830 616 969 682 fluctibus
992 630 1078 684 antea
1096 618 1221 704 jactata,
1250 621 1281 682 in

164 763 240 829 rupe
257 741 422 807 Tsionitica
445 744 623 828 conquIevit,
648 741 830 806 Jasbaranus
853 742 900 808 ille
912 740 1009 806 editor
1024 763 1101 829 opus
1116 763 1204 807 suum
1219 763 1281 808 non

162 869 266 954 potuit
287 865 326 930 ad
347 865 518 932 umbilicum
541 865 694 944 adducere,
718 869 777 930 nisi
798 888 910 932 corona
932 868 987 931 hac
1009 879 1200 932 monumento
1224 888 1279 932 suo

162 993 313 1077 imposita.
341 992 453 1057 Verum
476 994 552 1055 enim
567 1014 639 1056 vero
662 1013 707 1056 me
731 991 931 1057 demonstrari
954 1013 1043 1079 posse
1067 991 1196 1056 arbitror
1213 1015 1282 1057 can·

162 1119 254 1182 ticum
283 1129 419 1183 nostrum
446 1139 508 1182 non
536 1117 627 1181 modo
651 1116 805 1181 Jasbarani
830 1121 964 1204 corporis
992 1115 1154 1181 membrum
1178 1115 1278 1194 fuisse,

163 1241 230 1317 scd,
254 1240 286 1305 id
309 1239 391 1328 quod
413 1244 509 1328 prima
531 1240 603 1306 facia
626 1255 792 1327 exspectes,
822 1243 959 1308 ultimum
981 1243 1068 1307 istius
1092 1241 1280 1330 anthologiac

162 1389 279 1455 poema.
314 1364 404 1443 Nam,
428 1378 463 1430 ut
485 1379 570 1431 antea
593 1367 764 1454 significavi,
788 1366 974 1432 Psalmorum
989 1367 1128 1431 volumen
1145 1370 1176 1432 10
1192 1369 1279 1453 quin·

163 1513 221 1578 que
243 1503 343 1577 partes
365 1493 428 1554 sive
449 1489 542 1556 libros
566 1489 757 1556 distributum
780 1506 839 1569 est,
864 1497 905 1557 ita
926 1505 962 1557 ut
983 1495 1096 1577 primus
1120 1491 1194 1556 liber
1215 1514 1280 1557 car·

162 1619 239 1680 mine
261 1616 354 1692 XLI,
378 1615 525 1680 secundus
545 1615 681 1693 LXXII,
706 1619 810 1682 tertius
832 1617 1016 1695 LXXXIX,
1042 1630 1166 1704 quartus
1190 1615 1277 1694 cvl,

163 1743 285 1828 quintus
302 1738 361 1806 CL.
376 1740 506 1806 finiatur.
534 1739 614 1805 Ilaec
635 1744 768 1829 partitio,
792 1764 881 1830 quarn
895 1743 1095 1829 Hieronymus
1115 1765 1177 1806 000
1191 1746 1279 1830 iguo·

162 1864 248 1931 rabat
271 1864 378 1952 (Epist.
395 1864 553 1932 CXXXIV
576 1867 619 1932 ad
640 1865 868 1953 Soplrronium,⁸
892 1866 1060 1934 CXXXIX.
1084 1868 1129 1931 cd
1149 1867 1279 1955 Cypria-

161 1986 267 2073 0000),
300 1994 332 2056 10
362 2003 447 2056 textu
468 1991 668 2056 Masorethico
694 1991 855 2081 doxologia
884 1991 1011 2080 quadam
1038 1997 1069 2057 10
1099 2013 1278 2080 unaquaque

163 2115 307 2180 divisione
329 2129 460 2182 notatur.
495 2117 547 2194 lta,
571 2119 601 2180 10
623 2117 681 2181 100
696 2117 805 2183 Psalmi
819 2118 907 2196 XLI,
931 2118 1070 2206 legimus:
1095 2117 1279 2181 »Laudatur

161 2239 295 2324 Jclcoca,
325 2241 406 2306 Deus
433 2243 563 2319 Israelis,
599 2240 636 2306 ab
666 2244 835 2307 aeternitate
863 2247 894 2306 in
922 2245 1132 2308 aeternitatem.
1170 2241 1275 2318 Amen,

160 2365 287 2432 Aaron«
325 2365 365 2431 Ilt
390 2368 492 2432 similis
516 2366 679 2454 doxologia
701 2366 821 2432 additur
843 2371 874 2432 10
896 2368 954 2432 100
976 2369 1163 2454 sequentium
1184 2365 1277 2430 libro·

160 2513 243 2569 rum,
273 2513 377 2578 nempe
398 2492 508 2557 Psalm.
529 2492 654 2569 LXXII,
676 2491 850 2569 LXXXIX,
874 2491 950 2559 cvl.
993 2492 1090 2575 Quum
1120 2503 1217 2555 autem
1245 2490 1276 2552 hi

160 2615 228 2681 libri
255 2638 309 2703 pcr
331 2638 362 2681 se
389 2620 473 2703 Ipsos
501 2617 632 2706 singulas
661 2617 848 2683 collectiones
877 2618 1066 2693 conficerent,
1098 2615 1275 2681 credendum

160 2753 206 2806 001
228 2740 303 2805 1000
324 2739 479 2806 formulam
503 2742 571 2807 inde
595 2743 755 2808 derivatam
778 2765 856 2822 esse,
889 2743 971 2831 quod
993 2743 1088 2829 prima
1110 2741 1276 2828 relligioso·

159 2889 226 2931 rum
249 2870 410 2933 sarmitum
433 2867 565 2933 collectio
589 2869 734 2934 consimili
756 2869 906 2934 locutione
929 2869 1084 2932 desineret.
1112 2866 1178 2931 Iam
1193 2888 1273 2943 vero,

159 3004 195 3056 ut
224 3015 314 3079 supra
342 2993 472 3071 ostendi,
504 2993 578 3058 liber
599 2992 781 3060 Jasbaranus
808 2998 964 3060 antecessit
986 2994 1032 3059 vel
1055 2995 1275 3080 antiquissimae

157 3117 344 3184 Psalmorum
358 3118 570 3185 Davidicorum
590 3120 764 3185 collectioni.
795 3117 879 3186 Unde
894 3120 1069 3208 intelligitur
1082 3117 1275 3184 Jasbaranam

158 3242 237 3306 illam
265 3244 466 3332 anthologiam
494 3247 525 3309 in
553 3246 629 3310 hauc
656 3244 869 3311 benedictionis
898 3244 1054 3309 formulam
1078 3246 1195 3308 exiisse.
1232 3242 1276 3307 At

156 3368 293 3434 Psalmus
315 3369 364 3434 hic
385 3383 497 3448 noster,
522 3393 609 3458 quem
631 3371 702 3436 alias
727 3370 766 3434 ob
790 3391 894 3434 causas
917 3373 948 3434 10
963 3370 1020 3432 100
1036 3367 1192 3432 Jasbarani
1207 3365 1274 3431 libri

157 3494 329 3581 ponendum
353 3495 445 3572 duco,
475 3496 522 3559 his
548 3499 620 3583 ipsis
644 3493 742 3560 verbis
765 3468 896 3601 nifflltqg
917 3495 1025 3596 'lm’
1054 3493 1198 3557 laudatam
1219 3489 1274 3557 Je·
1363 3513 1383 3542 ι

157 3617 252 3703 boec,
276 3624 361 3707 quasi
384 3620 514 3708 legitimo
536 3623 673 3698 termino,
697 3621 827 3706 explicit,
851 3641 946 3707 neque
969 3619 1015 3695 id,
1039 3630 1075 3682 ut
1095 3621 1127 3683 in
1141 3616 1275 3682 Psalmo·

157 3766 224 3808 rum
246 3744 479 3823 collectionibus,
503 3757 588 3810 extra
610 3744 744 3810 ordinem
767 3744 913 3832 adjicitur,
937 3744 990 3809 sed
1013 3756 1058 3808 cst
1074 3747 1159 3831 quasi
1174 3765 1275 3808 neces·

158 3872 267 3935 sarium
291 3867 384 3934 11001
407 3871 612 3958 epbymnium,
644 3871 728 3958 quod
750 3869 889 3936 disertam
909 3868 1052 3935 Praefecti
1074 3868 1274 3934 laudationem

157 4007 302 4060 concentu
326 3995 455 4082 quodam
478 3995 606 4083 complet
628 4008 657 4060 et
678 3996 827 4082 producit.
864 3993 946 4077 Quae
970 4015 1061 4083 quum
1077 3997 1119 4059 ita
1134 3996 1203 4070 sint,
1226 3993 1274 4057 rel

158 4142 194 4184 ex
217 4120 267 4184 illa
288 4123 461 4186 imitationis
483 4121 557 4209 lege,
581 4143 669 4208 quam
691 4122 821 4186 humana
842 4133 949 4186 natura
971 4121 1056 4206 quasi
1078 4116 1274 4204 0111100000-

157 4267 219 4308 sam
240 4257 329 4323 tenet,
354 4249 498 4311 vincimus
520 4246 579 4310 hoc
602 4249 747 4311 canticum
772 4249 804 4311 10
826 4245 883 4310 100
905 4244 1062 4308 Jasbarani
1084 4241 1151 4307 libri
1172 4244 1274 4328 pristi-

156 4392 223 4434 nam
247 4370 345 4436 sedern
369 4370 543 4450 obtinuisse,
566 4371 645 4438 unde
669 4393 760 4460 quum
782 4375 814 4437 10
836 4371 1073 4458 antiquissimum
1086 4367 1273 4434 Psalmorum
