3160 5170
742 297 954 408 *Loe-

289 521 353 574 tum
369 507 542 584 declararet,
565 528 640 595 quae
657 527 800 571 summam
816 507 889 594 legis
905 527 939 571 ac
953 505 1167 593 prophetarum
1184 505 1414 592 complecteren-

289 647 348 710 tur,
378 633 417 697 ad
438 633 703 698 Deuteronomium
727 632 883 696 dumtaxat
905 633 1063 718 spectavit,
1089 633 1145 694 etsi
1167 633 1317 717 posterior
1340 633 1413 694 cita·

288 761 380 822 tionis
402 757 547 846 particula
569 760 601 821 in
616 758 747 822 Levitico
766 755 863 821 obiter
879 759 1008 820 occurrit
1031 751 1151 836 (Matth.
1168 755 1262 832 XXII,
1279 751 1414 820 37-40

290 905 314 946 s.
334 878 378 963 l.).
425 862 531 946 Utrum
554 893 637 946 totus
661 883 708 946 ille
730 881 964 957 Pentateuchus,
991 881 1086 967 qualis
1109 879 1148 944 ad
1169 903 1225 944 uos
1250 879 1411 956 descendit,

288 1009 320 1071 in
342 1005 510 1072 Palaestina
537 1029 591 1093 per
618 1029 722 1071 manus
745 1007 818 1092 legis
841 1009 1006 1091 peritorum
1029 1005 1212 1081 volveretur,
1244 1018 1316 1070 tune
1336 1016 1413 1069 tern-

290 1133 382 1219 poris,
409 1153 501 1219 quum
515 1131 604 1196 Jesus
628 1134 704 1196 inter
727 1132 861 1195 homines
885 1129 1068 1208 versabatur,
1093 1153 1130 1194 an
1153 1133 1255 1217 potius
1278 1129 1413 1193 diversae

288 1255 434 1320 librorum
457 1256 574 1321 illorum
598 1269 697 1343 partes
721 1259 845 1320 seorsim
869 1255 1034 1333 ederentur,
1060 1268 1089 1320 et
1105 1255 1274 1320 Pharisaeis
1296 1256 1411 1340 potius,

290 1403 378 1469 quam
407 1384 548 1446 universo
578 1382 693 1468 popule
724 1384 955 1456 innotescerent,
991 1380 1127 1467 equidem
1156 1379 1238 1444 haud
1267 1355 1410 1465 dijudico.

288 1506 375 1570 Jesus
400 1510 542 1594 cognovit
563 1505 672 1571 librum
697 1505 854 1583 Geneseos,
883 1527 951 1568 nam
974 1505 1043 1568 Loti
1065 1527 1191 1570 uxorem
1215 1500 1299 1587 (Luc.
1316 1505 1410 1581 XVII,

290 1629 433 1696 28-32.
458 1631 493 1696 cf.
517 1629 590 1695 Gen.
612 1630 701 1709 XIX,
720 1627 782 1712 26)
811 1643 842 1695 et
865 1629 1088 1695 Sodomitarum
1111 1629 1257 1694 excidium
1281 1625 1410 1712 (Matth.

288 1755 334 1832 X,
355 1753 404 1819 15.
435 1754 470 1820 cl.
494 1755 567 1820 Gen.
584 1755 671 1832 XIX,
689 1754 741 1820 24.
766 1755 855 1820 Deut.
871 1754 988 1831 XXIX,
1007 1750 1067 1838 23)
1092 1767 1310 1819 commemorat.
1351 1754 1413 1819 Re·

290 1882 378 1966 spicit
400 1892 498 1943 autem
523 1880 619 1945 obiter
642 1879 680 1943 ad
702 1880 840 1945 Lamechi
863 1879 1036 1944 cantilenam
1060 1874 1185 1960 (Matth.
1206 1879 1316 1956 XVIII,
1336 1874 1409 1959 22).

288 2002 328 2066 Et
350 2003 452 2068 Marco
476 2016 597 2068 auctore
620 2000 705 2087 (XII,
724 1999 784 2087 26)
809 2005 916 2068 diserto
940 2007 1041 2070 citavit
1062 2004 1202 2069 Exodum
1227 1999 1294 2086 (III,
1313 2000 1352 2085 6)
1376 2016 1413 2068 ut

289 2126 397 2192 librum
411 2127 517 2192 Musis.
550 2126 727 2211 Quinetiam,
749 2133 774 2192 si
790 2152 893 2194 verum
908 2128 984 2194 vidit
998 2131 1069 2208 Leo,
1088 2149 1175 2216 quem
1191 2132 1262 2194 citat
1276 2128 1412 2214 Bythne-

288 2275 341 2316 rus
365 2248 457 2340 (Lyra
472 2252 595 2318 Davidis
618 2254 656 2318 ad
670 2254 720 2319 Ps.
737 2255 836 2331 XXII,
856 2253 897 2335 1),
921 2254 1068 2319 Dominus
1081 2267 1184 2318 noster
1198 2257 1227 2317 in
1245 2276 1331 2318 cruce
1345 2277 1411 2318 rno-

288 2380 367 2442 riens
383 2381 425 2441 ita
440 2381 566 2443 mutavit
579 2378 689 2444 Psalmi
704 2381 836 2443 vicesimi
851 2379 972 2443 secundi
988 2383 1118 2457 Initium,
1140 2392 1176 2444 ut
1190 2379 1228 2442 ad
1243 2383 1362 2444 arietem
1378 2383 1409 2443 in

289 2503 419 2590 virgulto
439 2499 588 2610 (1:302)
611 2504 773 2591 implexum
791 2499 877 2586 (Gen.
894 2504 993 2581 XXII,
1010 2501 1063 2586 13)
1078 2507 1244 2591 respiceret.
1278 2503 1410 2586 Quodsi

289 2631 431 2714 cognovit
452 2631 584 2716 reliquos
607 2628 714 2705 libros,
740 2629 792 2694 sed
815 2651 866 2693 eos
889 2629 1082 2717 negligendos
1106 2629 1209 2706 duxit,
1233 2641 1409 2716 argumento

289 2775 307 2816 a
329 2751 447 2817 fortiori
471 2753 682 2829 concludImus‚
707 2753 809 2818 lesum
832 2777 892 2818 non
916 2757 946 2818 in
969 2755 1026 2818 illis
1049 2753 1142 2831 libris,
1171 2754 1223 2818 sed
1245 2755 1276 2818 in
1297 2753 1410 2817 Deute-

288 2881 441 2954 ronomio,
471 2877 633 2942 Mosaicam
661 2878 768 2966 legem,
799 2901 874 2966 quae
904 2879 1033 2943 divinam
1063 2882 1205 2966 orIginem
1232 2877 1289 2942 sibi
1311 2878 1410 2942 vindi-

289 3000 388 3078 cabat,
414 3005 580 3089 agnovisse.
615 3003 681 3066 Tali
697 3007 871 3068 auctoritate
887 3003 990 3080 fretus,
1015 3003 1097 3067 haud
1112 3003 1247 3089 equIdem
1263 3002 1409 3068 dubitabo

289 3138 424 3213 quartam
447 3124 603 3192 Jasharani
632 3126 700 3193 libri
727 3141 841 3215 partem
871 3151 908 3193 ex
937 3131 1041 3216 quinta
1063 3129 1256 3194 Pentateuehi
1279 3132 1409 3194 sectione

289 3271 399 3317 eruere.

562 3453 606 3525 IN
633 3451 931 3527 FRAGMENTUM
957 3454 1131 3529 PRIMUM.

376 3628 475 3716 Vulgo
499 3628 657 3714 perhibent
683 3628 791 3694 librum
814 3630 1038 3696 Deuteronomii
1062 3631 1182 3697 alteram
1206 3653 1268 3696 csse
1291 3633 1339 3696 vel
1361 3655 1409 3697 re·

286 3755 408 3839 petitam
429 3751 503 3839 legis
525 3752 674 3818 Mosaicae
698 3753 865 3819 editionem.
901 3756 980 3820 Hace
1004 3759 1117 3843 opinio,
1140 3770 1176 3822 ut
1191 3757 1262 3821 mihi
1279 3756 1406 3834 videtur,

286 3877 369 3940 nullo
398 3867 590 3942 lundamcnlo
621 3881 766 3943 innititur.
812 3879 887 3944 Nam
916 3881 1002 3967 plane
1026 3879 1174 3946 absurdus
1198 3895 1243 3948 est
1265 3904 1299 3946 ae
1320 3881 1408 3946 valde

288 4000 465 4066 deridendus
489 4006 614 4068 istorum
639 4027 730 4082 error,
756 4008 808 4092 qui
831 4008 862 4069 in
884 4005 961 4070 hanc
984 4011 1159 4072 sententiam
1181 4019 1340 4093 propterea
1355 4006 1409 4070 ad·

287 4125 446 4205 ducuntur,
471 4131 541 4215 quia
556 4129 751 4194 Alexandrini
773 4133 947 4216 interpretes
969 4131 1079 4196 librum
1093 4134 1309 4218 inscripserunt
1322 4137 1409 4196 Aco-

285 4251 481 4336 saporumve,
505 4253 678 4320 Hebraicam
697 4254 929 4342 designationem
946 4248 1074 4359 ¹⁸¹³.an
1088 4251 1200 4326 mlllD
1215 4259 1245 4320 in
1263 4255 1407 4322 Graccum

287 4381 484 4470 compositum
508 4391 663 4446 vertentes.
701 4377 818 4468 Quippe
841 4383 898 4446 ista
922 4379 1085 4469 designatio
1109 4349 1231 4470 respicit
1253 4381 1292 4447 ad
1308 4381 1409 4452 locum
