3160 5170
666 305 728 342 “’
822 345 896 418 aaa

296 555 350 621 ubi
374 554 409 620 de
430 554 603 620 bominibus
626 552 795 633 interiectis,
821 568 849 620 et
872 555 908 619 de
927 553 1070 639 jumentis
1093 574 1173 617 mera
1190 552 1310 617 lascivia
1330 555 1422 617 muti-

297 681 363 746 latis
392 680 582 745 traditionem
611 679 758 767 quandam
786 681 920 768 legimus
969 677 1089 762 Quod
1081 702 1112 742 m
1135 678 1194 742 boe
1216 677 1345 742 facinore
1370 677 1422 742 de·

298 806 454 870 scribendo
484 819 574 892 pocta
598 804 710 871 Graeco
734 805 880 870 vocabulo
911 809 1022 909 ΠῬᾩ
1051 807 1161 880 utitur,
1191 803 1237 880 id,
1267 815 1302 866 ut
1328 823 1422 888 supra

297 931 442 1009 vidimus,
472 934 591 1016 respicit
619 930 657 995 ad
686 933 881 996 mercenarios
908 885 975 994 illds
998 928 1175 993 Philistaeos
1200 941 1229 992 et
1252 925 1419 999 Cretenses

298 1060 350 1143 qui
374 1055 484 1120 Graeca
508 1069 656 1120 armatura
679 1055 809 1120 distincti
832 1054 888 1120 sub
910 1055 998 1120 finem
1021 1055 1105 1142 regni
1124 1052 1248 1117 Davidei
1271 1049 1422 1138 stipendia

296 1183 329 1244 in
351 1177 464 1246 Judaea
492 1180 658 1258 merebant,
690 1184 741 1267 qui
772 1203 864 1268 quum
892 1180 929 1244 ab
960 1184 1026 1267 ipsa
1050 1178 1279 1246 Simeonitarum
1301 1179 1419 1253 vicinia,

296 1305 327 1368 h.
345 1328 369 1370 e.
393 1309 424 1369 in
448 1305 582 1370 confiniis
601 1305 831 1370 Philistaeorum
851 1318 884 1400 ct
904 1305 1126 1381 Idumaeorum,
1150 1301 1419 1390 proficiscerentur,

301 1467 337 1480 -
357 1429 405 1494 bie
427 1433 504 1495 enim
526 1443 667 1517 tanquam
690 1430 819 1496 advenae
842 1434 874 1494 in
896 1443 1005 1495 terram
1025 1430 1104 1493 illam
1121 1420 1320 1513 ἀλλοφύλων
1334 1427 1421 1490 navi·

296 1554 354 1619 bus
385 1558 494 1642 egressi
523 1569 595 1620 sunt
620 1593 656 1604 -·-
683 1568 912 1621 consentaneum
940 1568 1003 1620 erat
1030 1568 1066 1618 ut
1092 1567 1182 1640 poeta
1204 1564 1306 1618 noster
1329 1550 1421 1616 Solo·

297 1701 420 1744 monens
456 1701 558 1745 eornm
593 1681 708 1768 gladios
743 1680 986 1745 latrocinantibus
1022 1677 1193 1744 Simeonitis
1227 1676 1373 1742 tribueret
1387 1669 1419 1758 ¹).

299 1803 446 1888 Quoniam
469 1805 540 1870 haec
558 1804 684 1870 Graecae
702 1808 785 1870 vocis
807 1809 954 1870 mutuatio
979 1809 1050 1870 satis
1075 1803 1191 1868 defendi
1215 1816 1244 1866 et
1266 1802 1421 1890 explanari

296 1942 412 2018 potest,
442 1951 504 1993 non
535 1951 611 2016 opus
642 1943 688 1994 est
712 1944 748 1995 ut
771 1930 808 1994 ad
831 1931 1008 2018 Aethiopica
1033 1951 1098 1994 cum
1120 1928 1274 2002 Maurero,
1306 1925 1421 1990 autad

299 2052 421 2140 Syriaca
444 2076 509 2118 cum
525 2054 636 2119 Dathio
661 2054 875 2142 confugiamus.
910 2055 1118 2131 Delitzschius,
1143 2056 1195 2141 qui
1219 2074 1335 2117 omnem
1352 2073 1419 2116 enm

223 2199 225 2204 ·
297 2180 443 2262 μαχαίρᾳ
466 2182 635 2244 societatem
659 2183 773 2266 spernit
796 2175 822 2262 (a
829 2183 883 2244 mit
900 2181 965 2244 dem
982 2181 1033 2244 das
1049 2181 1143 2244 Wort
1157 2178 1306 2242 natiirlich
1320 2177 1419 2240 nichts

298 2325 337 2367 zu
360 2305 436 2368 thun
458 2301 553 2387 hau),
583 2307 717 2392 agnoscit
739 2318 836 2369 tamen
859 2327 962 2369 vocem
984 2310 1107 2409 ΠἾΞᾨ,
1133 2301 1350 2390 »gladium«
1327 2303 1421 2388 signi-

296 2429 401 2505 ficare,
433 2441 471 2492 et
490 2429 529 2493 ad
557 2429 684 2493 radicem
713 2435 778 2502 Ἶ13
807 2452 868 2495 rem
898 2430 995 2495 relect.
1042 2430 1183 2494 atenim
1207 2450 1293 2504 vero,
1325 2446 1419 2513 quum

297 2551 424 2617 Hebraei
446 2555 576 2640 gladium
600 2569 807 2641 nuncuparent
827 2560 918 2632 2¹le
942 2555 1097 2619 verisimile
1112 2577 1174 2619 non
1190 2565 1248 2630 est,
1274 2575 1299 2615 st
1290 2549 1420 2616 ambae

297 2699 385 2743 voces
408 2682 521 2765 pariter
542 2681 658 2743 nativae
682 2693 793 2757 essent,
818 2638 901 2745 hadd
918 2680 1036 2767 quidem
1059 2701 1206 2766 nusquam
1228 2700 1290 2742 non
1315 2699 1420 2742 occur-

296 2825 375 2881 rere,
395 2804 473 2867 illam
488 2825 559 2868 vero
578 2799 668 2882 ἅπαξ
686 2801 860 2890 λεγομένην
877 2827 949 2869 esse.
981 2803 1096 2888 Quodsi
1112 2803 1299 2868 concedimus
1315 2823 1419 2866 rocem

297 2934 408 3032 11Ῥῦ
425 2926 564 2992 Graecam
581 2950 661 3006 csse,
679 2930 756 2994 illico
774 2931 976 2994 concludimus
992 2931 1051 2993 hoe
1067 2951 1183 2993 carmen
1198 2950 1259 2991 non
1275 2930 1418 3014 scriptum

298 3074 361 3116 esse
385 3021 451 3117 ante
474 3053 560 3117 finem
584 3058 668 3142 regni
690 3055 823 3132 bacidis,
849 3059 900 3142 qui
922 3059 1036 3142 primus
1060 3079 1091 3120 se
1116 3054 1232 3120 Graecis
1257 3053 1419 3140 spiculato-

296 3175 381 3240 ribus
411 3178 549 3264 stipabat.
596 3176 699 3266 Neque
730 3183 806 3245 enim
829 3193 915 3244 antea
937 3179 1078 3244 Hebraeis
1101 3184 1284 3245 innotescere
1306 3179 1416 3265 potuit,

297 3323 454 3390 quamnam
478 3303 709 3390 designationem
727 3303 829 3370 Graeci
851 3304 951 3392 gladio
970 3305 1106 3371 inderent
1117 3300 1150 3388 ¹).
1187 3303 1325 3370 Ceterum
1338 3314 1418 3366 recte

372 3557 392 3624 ¹)
415 3557 451 3612 Ut
466 3575 542 3629 supra
554 3559 666 3613 vidimus
680 3561 747 3613 inter
760 3560 865 3614 Davidis
882 3560 1004 3615 satellites
1021 3567 1232 3615 commemoratur
1244 3557 1345 3614 (laurus
1359 3559 1417 3629 qui·

297 3653 355 3708 dam
372 3653 413 3708 vel
434 3657 492 3709 Gur
510 3655 524 3709 ὅ
542 3658 753 3731 μαχαιροφόρον.
780 3658 869 3729 Neque
889 3659 954 3712 illud
973 3659 1223 3730 praetermittendum
1243 3665 1294 3722 est,
1314 3657 1418 3710 Carent

297 3752 385 3824 Cyprii
408 3754 477 3824 regis
497 3752 533 3819 (et
551 3755 682 3807 Philistaei
702 3772 714 3808 e
730 3755 816 3827 Cypro
836 3759 862 3809 in
882 3756 1050 3810 Palaestinam
1069 3757 1221 3830 migrarunt)
1240 3757 1417 3827 bypaspistam

296 3850 420 3924 δρεπάνῳ
432 3849 472 3904 vel
492 3847 570 3922 longo
590 3851 675 3923 gladio
695 3854 844 3907 insultantis
860 3857 919 3926 equi
938 3856 1015 3925 pedes
1035 3865 1179 3926 amputasse
1193 3853 1300 3920 (Herod.
1310 3853 1343 3916 V,
1355 3849 1417 3917 111,

202 3964 206 3973 “
297 3944 368 4015 112).
405 3947 445 4001 Ad
469 3948 602 4003 militarem
622 3949 714 4003 Carum
736 3952 848 4006 indolem
869 3953 939 4024 quod
958 3955 1060 4018 attinet,
1084 3953 1151 4007 idem
1171 3951 1319 4005 Herodotus
1337 3949 1419 4002 tradit

297 4045 342 4112 (V,
358 4044 434 4114 119):
462 4048 559 4119 μοῦνον
581 4049 632 4102 τῶν
654 4047 732 4121 ἡμεῖς
752 4052 832 4122 ἴδμεν
849 4051 940 4120 Κᾶρὲς
961 4055 1011 4104 ελον
1033 4053 1062 4104 ολ
1081 4053 1136 4105 Asi
1151 4053 1298 4120 Στρατίρν
1320 4053 1419 4108 θυσίας

296 4143 434 4216 ἄνᾶγονον.

371 4243 391 4310 ’)
415 4242 452 4295 Ne
472 4244 530 4313 quis
549 4244 663 4308 miretur,
683 4245 753 4315 quod
766 4245 875 4299 Hebraei
888 4245 982 4300 Graeco
995 4249 1098 4300 nomine
1110 4246 1223 4318 gladium
1236 4245 1417 4317 insigniebanl,

297 4337 486 4394 observandum
511 4349 550 4394 est
572 4341 708 4395 bodiernas
731 4340 842 4396 telorum
866 4344 933 4416 apud
952 4345 1051 4417 Angloa
1076 4344 1264 4417 designationes
1286 4347 1417 4412 bayonet,

295 4437 413 4508 musket,
431 4440 525 4510 autre,
544 4447 590 4493 etc.
609 4442 755 4513 peregrinas
774 4460 839 4498 esee.
