3152 5160
787 363 861 436 108

266 579 332 644 loeo
358 578 432 643 lueis
459 577 602 666 reliquum
634 587 710 653 erat,
739 578 824 640 novis
856 577 877 640 ii
909 573 1036 640 erebus
1064 572 1266 640 obfuscarunt.
1318 562 1382 640 Sed

267 701 409 794 quidquid
436 701 473 766 de
502 701 626 767 duarum
657 703 789 788 priorum
820 699 1015 766 clausularum
1047 702 1286 786 interpretatione
1318 711 1382 766 sta·

266 831 367 906 tueris,
389 830 532 892 neminem
554 830 685 914 oportuit
705 826 795 892 latere
816 825 946 890 ultimam
969 823 1112 902 lineolam,
1136 847 1211 913 quae
1233 845 1381 890 summum

265 953 406 1020 bonorem
429 964 459 1017 et
481 950 704 1017 dominationem
726 951 888 1038 pollicetur,
912 973 972 1015 non
993 971 1081 1036 posse
1103 948 1141 1014 ad
1163 948 1289 1026 Qainum
1311 971 1381 1037 spe·

242 1089 353 1144 'etam
400 1075 476 1144 Nam
497 1080 612 1164 gemina
634 1076 798 1142 conditione
819 1077 972 1163 proposita
994 1074 1065 1140 haee
1086 1073 1178 1140 verba
1198 1074 1237 1140 ad
1258 1073 1382 1140 alteram

187 1240 194 1246 -
265 1205 494 1292 propositionem
521 1204 664 1289 respioere
691 1201 813 1279 debent,
841 1199 894 1266 ubi
921 1203 1046 1266 sumitur
1072 1197 1195 1274 Quinum
1222 1221 1283 1264 non
1304 1200 1383 1265 bene

266 1327 319 1394 sed
339 1327 421 1392 mole
441 1325 596 1392 laetorum.
641 1326 751 1392 Eadem
773 1326 878 1402 verba,
901 1328 1020 1390 mutatis
1047 1323 1210 1400 mutandis,
1233 1325 1383 1412 incapite

266 1456 363 1518 statim
386 1451 572 1518 anteoedente
594 1465 753 1518 ooourrunt
772 1448 857 1535 (Gen.
873 1449 925 1529 III,
944 1445 1013 1532 16),
1037 1449 1089 1516 ubi
1111 1449 1290 1536 significamur
1311 1471 1380 1514 mu·

264 1578 363 1644 lierem
389 1581 451 1642 viro
479 1601 533 1644 suo
561 1577 726 1664 subjeetum
753 1581 796 1642 iri.
842 1577 929 1663 ‘Ergo
956 1587 1073 1664 oportet
1098 1575 1178 1642 hune
1204 1574 1383 1640 rotabulum

265 1703 421 1780 declarare,
444 1703 566 1793 aliquem
590 1707 624 1780 ei,
647 1705 759 1792 quiite
780 1703 978 1790 compellatur,
1001 1707 1032 1767 in
1055 1701 1196 1768 dicionem
1218 1721 1379 1766 cessurum.

265 1827 434 1906 Praeterea,
464 1832 489 1893 si
516 1832 602 1893 tertia
630 1828 759 1896 clausula
787 1827 944 1893 secundam
971 1831 1068 1893 statim
1096 1839 1280 1917 sequeretur,
1308 1824 1383 1890 nihil

266 1964 356 2030 esset,
381 1974 440 2041 quo
462 1953 621 2017 masculina
648 1953 697 2018 illa
723 1955 929 2040 pronominum
957 1947 1153 2020 additamenta
1180 1950 1280 2018 relerri
1306 1971 1379 2038 pos-

266 2090 339 2143 sent.
384 2075 459 2143 Nam
482 2081 599 2181 mpii
623 2076 768 2143 foeminini
795 2081 908 2162 generis
931 2089 983 2144 est.
1031 2077 1139 2154 Quidni
1164 2091 1300 2165 putemus
1322 2097 1379 2141 no-

264 2215 339 2280 tam,
363 2225 451 2292 quam
478 2203 610 2268 nonnurlli
637 2201 873 2268 Masoretharum
900 2201 939 2268 ad
965 2227 993 2268 v.
1019 2203 1039 2268 8
1068 2207 1246 2293 appingtmt,
1274 2223 1381 2289 nempe

265 2333 358 2426 ΡὍΕ
381 2334 520 2403 rums:
541 2333 665 2432 ΝΡῸΙ,
690 2327 814 2394 »lacuna
834 2331 865 2394 in
892 2329 987 2394 medio
1009 2349 1142 2406 versus«,
1167 2327 1203 2392 de
1225 2327 1281 2392 hoo
1303 2348 1380 2416 quo-

265 2475 322 2543 que
345 2467 486 2519 commate
508 2454 625 2519 valere?
669 2453 709 2520 Et
731 2477 821 2544 quum
843 2457 873 2520 in
896 2477 921 2519 e.
944 2453 990 2520 Ill.
1014 2453 1127 2520 Jehova
1148 2465 1209 2518 tam
1231 2453 1381 2518 mulierem

265 2601 352 2669 quam
374 2583 470 2644 virum
498 2579 678 2668 alloquatur,
703 2580 804 2668 quidni
830 2601 989 2666 ponamus,
1013 2579 1044 2645 Id
1065 2578 1146 2668 quod
1174 2601 1227 2666 per
1248 2601 1280 2644 se
1302 2581 1381 2644 veri·

264 2703 440 2770 simillimum
462 2717 516 2780 est,
539 2704 634 2770 Deum
657 2704 759 2770 ambos
781 2703 886 2770 fratres
909 2705 1135 2793 compellavisse‚
1159 2707 1201 2769 ita
1220 2716 1256 2769 ut
1276 2703 1382 2770 ultima

263 2829 336 2894 haee
365 2827 494 2894 clausula
520 2849 590 2916 pars
618 2831 657 2894 sit
684 2850 785 2896 eorum
811 2829 968 2896 verborum
995 2830 1102 2920 quibus
1123 2828 1269 2896 Habelum
1296 2851 1379 2894 eom-

263 2951 421 3041 probavit?

352 3077 400 3144 Ex
421 3080 486 3165 ipso
508 3079 564 3144 loei
586 3089 728 3158 contextu
755 3093 878 3168 apparet
900 3079 1024 3157 Quinum
1046 3079 1165 3147 fratrem
1192 3103 1278 3146 sumu
1305 3101 1378 3168 pro·

232 3251 234 3260 1
263 3215 364 3292 pterea
385 3206 414 3268 vi
436 3217 465 3270 et
487 3205 574 3270 armis
602 3227 771 3294 aggressum
794 3226 872 3285 esse,
896 3209 964 3298 quia
990 3205 1047 3272 hoe
1068 3205 1124 3272 Dei
1146 3205 1263 3272 effatum
1293 3205 1381 3272 audi·

263 3341 354 3396 verat.
402 3328 480 3405 erid
501 3329 638 3419 quaeris?
663 3331 743 3397 istud
765 3331 883 3398 effatmn
912 3332 1021 3422 abquid
1042 3331 1155 3398 Habelo
1177 3331 1377 3420 promittebat,

263 3455 345 3545 quod
366 3454 459 3532 Quino
487 3455 655 3544 ademptum
684 3470 754 3524 erat
799 3457 876 3524 Illud
905 3457 943 3524 ad
970 3461 1174 3546 praerogativa
1200 3460 1378 3546 primogeni-

262 3592 346 3646 turae
373 3581 420 3645 vel
447 3582 596 3669 privilegia
625 3587 726 3650 aetatis
755 3596 918 3671 speetasse‚
949 3583 1112 3671 signidomt
1137 3582 1196 3648 duo
1225 3583 1296 3660 loei,
1325 3582 1380 3650 ubi

264 3704 368 3772 fratres
392 3717 464 3771 natu
485 3709 610 3793 majores
633 3711 705 3774 iram
728 3711 896 3796 concipiunt
911 3721 940 3773 et
960 3721 1083 3774 mortem
1105 3711 1275 3773 minitantur
1291 3703 1377 3792 (Gen.

263 3829 392 3909 XXVII,
415 3830 468 3898 41.
497 3831 656 3913 XXXVII,
679 3833 720 3900 18
737 3829 824 3925 sqq.).
869 3834 968 3926 Atque
991 3833 1064 3900 illud
1087 3846 1131 3900 est
1153 3833 1310 3902 observatu
1332 3834 1378 3904 di·

262 3979 362 4046 gnum
386 3957 509 4024 verbum
522 3933 623 4064 bigiti),
646 3959 726 4050 quod
746 3960 837 4046 hujus
858 3959 915 4026 loci
937 3960 1087 4049 emphasin
1109 3963 1242 4038 sustinet,
1265 3981 1381 4028 summe

262 4087 292 4149 vi
313 4097 488 4172 usurpatum
511 4107 573 4151 esse
596 4108 614 4150 a
634 4083 755 4172 Josephi
777 4083 931 4163 fratribus,
956 4107 1047 4174 quum
1069 4088 1188 4153 minoris
1210 4097 1283 4151 natu
1304 4107 1378 4173 pro·

262 4212 379 4276 missam
403 4208 627 4277 dominationem
649 4211 859 4300 indignabundi
881 4213 1016 4300 rejiciunt
1038 4208 1123 4295 (Gen.
1140 4209 1298 4290 XXXVII,
1322 4205 1378 4294 8)=

263 4336 325 4438 li?
351 4309 473 4442 bilibri
502 4310 717 4443 ἯΦῼἝΝ,
753 4341 851 4406 niune
883 4359 953 4406 vero
987 4341 1133 4428 imperans
1166 4335 1252 4404 nobis
1285 4341 1378 4424 impe·

262 4457 384 4528 rabiei«
