3160 5170
532 709 534 712 ’
628 735 1074 828 eonnmmnms.

803 934 909 944 ...ι-

384 1058 507 1125 Librum
534 1047 772 1138 Deuteronomii‚
804 1064 855 1147 qui
884 1063 960 1124 inter
987 1059 1080 1123 libros
1104 1057 1253 1123 Mosaieos
1282 1061 1416 1144 quintam

297 1186 393 1253 sedem
418 1186 539 1264 obtinet,
564 1189 783 1273 antiquissimae
807 1185 960 1271 complecti
983 1206 1017 1248 ae
1039 1187 1165 1250 maxime
1189 1187 1316 1248 sinceras
1341 1183 1418 1247 divi-

296 1335 401 1378 narum
428 1313 526 1399 legum
554 1312 719 1397 relliquias,
750 1323 779 1376 et
806 1323 956 1398 praeterea
985 1331 1023 1374 ex
1045 1310 1216 1374 Jasbaranis
1245 1308 1416 1396 fragmentis

297 1441 403 1503 eximia
426 1440 451 1502 si
474 1460 535 1504 non
557 1457 664 1524 magna
685 1459 725 1502 ex
746 1447 830 1526 parte
853 1435 1012 1501 conflatum
1035 1457 1108 1512 esse,
1133 1434 1246 1502 dodum
1261 1434 1333 1497 mihi
1347 1456 1418 1520 per-

297 1585 418 1628 suasum
441 1575 494 1628 est.
529 1561 605 1628 Nam
627 1584 688 1628 non
711 1562 801 1630 modo
822 1561 897 1628 liber
916 1564 980 1647 ipse
996 1563 1067 1626 satis
1083 1550 1232 1627 luculenta
1246 1562 1418 1624 testimonia

296 1689 376 1754 ultro
399 1687 578 1775 suppeditat,
603 1711 705 1752 verum
728 1690 814 1754 etiam
838 1687 876 1752 ad
899 1687 976 1752 duos
999 1699 1135 1752 auctores
1156 1706 1321 1772 provocare
1342 1706 1418 1771 pos-

298 1835 378 1890 sum,
411 1825 570 1899 utrumque
600 1813 878 1900 locupletissimum,
908 1813 1031 1878 alterum
1062 1823 1162 1878 autem
1188 1813 1415 1886 sanctissimum,

296 1938 425 2004 biieham
439 1938 675 2016 Morasthaeum‚
699 1939 876 2025 prophetam
891 1937 1032 2016 Jehovae,
1057 1951 1086 2003 et
1100 1937 1261 2002 Dominum
1271 1949 1417 2008 nostrum

297 2062 398 2128 Jesum
422 2062 583 2128 Christum.

384 2187 406 2252 Ι.
435 2190 468 2254 In
490 2191 593 2276 primis
610 2211 680 2252 vero
697 2191 750 2252 vix
774 2210 850 2276 opus
870 2201 919 2254 est
940 2199 976 2254 ut
997 2211 1134 2256 moneam
1148 2187 1302 2264 lectorem,
1327 2206 1417 2274 quam

297 2314 461 2392 verisimile,
486 2336 522 2378 ne
547 2314 640 2378 dicam
657 2336 744 2400 quam
761 2313 914 2380 indubium
931 2317 979 2392 sit,
1004 2313 1112 2379 librum
1128 2313 1338 2389 Jasharanum,
1363 2314 1417 2398 qui

292 2441 444 2526 probitati
464 2462 573 2504 nomen
596 2459 684 2504 suum
707 2452 857 2527 acceptum
880 2439 977 2516 refert,
1002 2452 1157 2526 praecepta
1170 2438 1333 2526 probitatis
1354 2450 1418 2500 tra-

298 2566 416 2631 didisse.
450 2566 510 2630 Ista
533 2567 558 2628 si
583 2564 726 2642 abessent,
751 2565 825 2630 liber
846 2568 908 2652 ipse
932 2565 1083 2629 videretur
1105 2587 1168 2628 esse

386 2691 510 2756 Mantus
533 2703 563 2756 et
584 2693 746 2755 exstinctae
769 2712 877 2777 eorpus
900 2713 961 2768 non
984 2691 1056 2756 utile
1080 2689 1211 2754 dextrae.

387 2815 489 2899 Qualis
512 2819 588 2880 enim
611 2814 730 2882 futurus
754 2829 831 2881 esset
852 2815 1010 2902 probitatis
1033 2813 1108 2880 liber
1131 2837 1206 2902 quae
1228 2814 1323 2878 nullas
1343 2835 1417 2900 pro-

296 2939 397 3007 bitatis
414 2941 502 3027 leges,
525 2941 636 3006 nullam
658 2941 816 3029 probitatis
839 2945 982 3007 rationem
1007 2940 1182 3008 exhiberet?
1202 2940 1279 3006 Mihi
1296 2938 1416 3026 quidem

299 3064 415 3130 videtur
436 3066 678 3132 verisimillimum
701 3090 774 3145 esse,
797 3090 859 3132 non
881 3066 971 3131 modo
994 3067 1082 3132 talem
1098 3065 1305 3130 mandatorum
1317 3077 1416 3148 ¹mate·

296 3193 369 3255 riam
392 3193 423 3254 in
445 3191 521 3257 libro
545 3191 710 3259 Jasharano
734 3194 923 3279 oonspieuam
946 3191 1053 3270 fnisse,
1080 3191 1132 3258 sed
1154 3191 1233 3256 illam
1254 3193 1286 3254 in
1309 3201 1416 3276 quarta
1448 3227 1462 3248 .

297 3329 327 3381 et
348 3316 444 3382 media
465 3330 548 3404 parte
570 3317 771 3404 reponendam
794 3339 873 3394 esse,
905 3339 994 3405 quae,
1026 3329 1060 3382 ut
1086 3319 1117 3380 in
1139 3314 1257 3382 Graecis
1288 3314 1415 3402 triiogiis

297 3441 423 3506 medium
441 3442 550 3520 mama,
575 3446 661 3530 quasi
677 3455 809 3508 centrum
825 3442 974 3528 quoddam
991 3444 1186 3518 constituerit,
1208 3443 1317 3505 eireum
1332 3439 1416 3526 quod

296 3568 425 3654 reliquae
448 3582 590 3657 quattuor
612 3581 710 3656 partes
734 3567 806 3632 orbe
830 3587 964 3654 quaeque
986 3586 1041 3632 suo
1065 3577 1258 3632 verterentur.

384 3691 418 3758 II.
445 3692 583 3760 Divinam
604 3693 763 3780 probitatis
786 3695 932 3759 rationem
946 3695 976 3756 in
991 3691 1068 3758 libro
1083 3691 1309 3756 Deuteronomii
1324 3712 1417 3777 quae·

296 3817 417 3882 rendam
440 3839 512 3896 esse,
538 3822 631 3884 cuivis
653 3819 757 3884 lectori
778 3814 944 3905 apparebit,
967 3819 1019 3904 qui
1040 3835 1132 3903 quum
1146 3815 1325 3882 vooabulum
1341 3811 1417 3919 Ἶῑῇ

297 3944 328 4006 in
357 3946 458 4006 ceteris
481 3943 674 4008 Pentateuchi
702 3943 785 4006 libris
815 3945 933 4007 nonnisi
962 3945 993 4006 in
1017 3944 1052 4006 iis
1076 3942 1148 4006 loeis
1171 3943 1331 4017 invenerit,
1363 3943 1416 4026 qui

296 4066 471 4158 Fragmenta
492 4068 561 4133 libri
583 4070 679 4134 nostri
702 4081 801 4155 aperte
823 4066 957 4154 produnt
980 4062 1027 4149 (ut
1046 4065 1145 4134 Exod.
1162 4065 1230 4144 XV,
1248 4063 1300 4130 26.
1325 4062 1415 4128 Num.

296 4191 406 4273 xxm,
428 4192 477 4272 10,
495 4189 561 4275 27),
585 4193 663 4257 illam
678 4216 781 4258 vocem
805 4197 890 4280 quasi
911 4215 1089 4280 repercussu
1111 4211 1271 4258 numeroso
1291 4193 1323 4256 in
1337 4189 1415 4256 libro

296 4317 520 4384 Deuteronomii
543 4340 658 4406 semper
678 4332 708 4383 et
729 4317 840 4404 ubique
863 4341 1001 4383 resonare
1025 4317 1204 4384 observabit.
1240 4314 1345 4403 Neque
1367 4316 1417 4380 illa

297 4441 492 4531 discrepantia
519 4448 550 4509 in
577 4469 658 4512 mero
684 4448 764 4510 vocis
794 4466 852 4509 usu
882 4446 1019 4508 cernitur.
1059 4443 1142 4507 Libri
1170 4444 1242 4527 ipsi,
1273 4451 1308 4505 ut
1336 4441 1414 4526 leges
