3152 5160
730 299 939 410 *aro—

274 509 435 576 dummodo
465 509 587 576 verbum
610 516 689 611 'pm
718 509 754 573 de
779 509 873 592 Qaino
903 509 1133 595 praedicaveris,
1164 509 1195 574 id
1222 509 1305 596 quod
1332 510 1394 585 fiet,
1433 461 1436 468 ι

227 719 229 732 .
274 638 299 698 si
328 648 439 700 statues
469 635 592 700 litteram
623 644 668 712 n,
701 656 776 722 quae
806 655 907 699 vocem
938 640 1056 738 nitigi]
1086 633 1210 712 claudit,
1239 637 1270 699 in
1299 637 1396 720 prima

274 764 424 846 sequentis
440 759 576 824 vocabuli
601 760 714 846 syllaba
730 759 892 824 iterandam
908 781 986 836 csse,
1011 763 1053 824 ita
1067 773 1103 824 ut
1118 759 1243 824 scribas:
1266 761 1393 864 ϊΞἾη.

273 884 356 948 Hauc
385 886 432 948 vel
467 886 552 948 aliam
582 885 815 972 qualemcunque
849 885 990 950 medelam
1023 887 1153 948 rationes
1188 888 1395 971 grammaticae

274 1008 451 1093 elllagitant3
481 1009 563 1074 nullo
588 1013 665 1076 euim
688 1011 777 1074 modo
802 1010 864 1073 fieri
886 1022 1002 1096 potest,
1027 1022 1063 1073 ut
1085 1010 1278 1074 masculinum
1301 1011 1397 1095 parti·

275 1136 382 1221 cipium
406 1126 486 1235 ’(ξῆ
509 1157 575 1198 cum
599 1134 759 1199 foeminino
784 1135 917 1220 subjecto
942 1140 1060 1238 namt]
1083 1147 1282 1200 construatur.
1318 1132 1395 1198 Nam

275 1259 357 1345 quod
380 1263 464 1323 aiunt
487 1260 616 1346 culpam,
642 1282 717 1347 quae
740 1261 834 1324 leonis
858 1263 952 1323 instar
973 1258 1165 1345 procumbat,
1192 1258 1230 1321 ad
1253 1257 1395 1322 Satanam

274 1387 418 1470 respicere
444 1387 495 1473 qui
519 1381 561 1458 ὡς
584 1383 666 1448 λέων
689 1380 870 1470 ὠρυόμενος
892 1393 1062 1467 περιπατεῖ
1083 1381 1183 1469 ζητῶν
1203 1385 1275 1448 τίνα
1293 1405 1395 1447 κατα-

274 1511 330 1599 πίῃ
355 1505 385 1590 (l
403 1510 483 1573 Petr.
494 1508 532 1587 V,
550 1504 593 1591 8),
618 1509 732 1574 leonem
755 1523 854 1575 autem
876 1509 1071 1574 masculinum
1086 1531 1165 1586 esse,
1190 1531 1261 1596 ergo
1278 1509 1394 1606 culpam

273 1657 366 1722 genus
391 1658 478 1700 suum
502 1635 693 1700 foemininum
716 1639 863 1712 amisisse,
888 1635 962 1700 illud
985 1658 1054 1698 sane
1073 1647 1150 1698 esset
1165 1657 1280 1699 omnem
1297 1656 1395 1720 gram·

273 1764 408 1824 maticam
436 1760 570 1826 funditus
600 1774 745 1838 evertere,
776 1774 805 1824 et
832 1782 887 1846 pro
912 1764 1032 1846 syntaxi
1055 1759 1222 1824 anarehiam
1245 1759 1394 1846 quandam

274 1884 489 1950 vocabulorum
512 1885 659 1951 iuducere.
695 1885 792 1950 Paene
815 1885 972 1980 ridiculum
992 1899 1037 1949 est
1052 1884 1224 1962 observare,
1250 1907 1310 1970 quo
1326 1885 1393 1948 loco

274 2015 352 2112 ’(Ξῇ
376 2009 411 2073 de
434 2009 518 2074 leone
540 2010 742 2095 praedicatur,
771 2014 802 2074 iu
825 2032 859 2074 eo
884 2013 950 2096 ipso
974 2023 1034 2074 tam
1056 2010 1197 2076 leaenam
1220 2031 1307 2096 quam
1330 2009 1393 2074 leo-

273 2157 344 2198 nem
366 2155 523 2222 apparere,
547 2147 582 2198 ut
605 2136 678 2198 nihil
701 2134 768 2198 inde
793 2134 829 2198 de
852 2135 1013 2200 masculino
1037 2137 1130 2200 leonis
1149 2157 1255 2224 genere
1275 2134 1394 2199 conclu·

275 2258 327 2322 das
351 2255 437 2340 (Gen.
454 2258 567 2336 XLIX,
586 2254 629 2341 9).
664 2258 777 2324 Verum
801 2263 949 2326 enimvero
973 2261 1020 2324 ille
1043 2261 1127 2324 loeus
1152 2259 1274 2325 verbum
1297 2267 1392 2362 Ψ),
1445 2228 1455 2254 Ι

268 2384 444 2470 procubuit,
468 2385 640 2448 antithetico
663 2391 779 2490 intpp}
800 2392 852 2479 lp,
878 2388 1030 2473 quereum
1044 2383 1288 2472 ramperefeciet,
1313 2383 1394 2448 haud

274 2510 357 2574 aliter
380 2512 537 2596 opposuit,
565 2532 653 2596 quam
676 2512 725 2574 hie
749 2524 944 2598 opponuntur
966 2517 1059 2615 ’(Ξ),
1089 2510 1172 2598 quod
1188 2511 1394 2596 promunbere

273 2638 293 2699 i.
317 2659 341 2700 e.
372 2646 521 2722 tauquam
542 2658 640 2720 pacate
662 2658 767 2721 prono
791 2637 891 2721 capite
910 2639 1020 2720 jecere
1046 2637 1205 2724 significat,
1236 2648 1266 2698 et
1288 2629 1392 2710 ΜΨ,

274 2760 357 2846 quod
386 2761 496 2845 cepitis
519 2759 730 2843 elevationem,
760 2765 780 2824 i.
804 2783 828 2824 e.
854 2771 951 2826 erecto
975 2763 1075 2847 eapite
1096 2761 1238 2826 incedere
1261 2729 1393 2824 denotat.

272 2884 442 2960 Praeterea,
474 2904 566 2969 quum
595 2878 688 2974 l'ltfltl
718 2885 898 2970 dignitatem
924 2899 954 2950 et
980 2890 1171 2970 majestatem
1197 2887 1317 2971 rapiam
1348 2885 1394 2948 vel

264 3007 449 3091 judicialem
477 3020 576 3093 aperte
606 2978 748 3086 declarat,
779 2984 888 3080 l'lltffl
911 3017 991 3114 lp]
1016 3010 1230 3084 conditionem,
1260 3023 1295 3074 ut
1317 3032 1393 3096 quac

272 3135 414 3210 maxime,
451 3132 584 3196 servilem
617 3133 775 3222 depingit.¹
804 3136 847 3199 lta
875 3135 989 3200 Psaltes
1018 3135 1176 3223 profitetur
1205 3157 1257 3198 »se
1287 3135 1393 3221 eligere

272 3261 374 3344 potius
399 3257 442 3322 od
463 3258 555 3322 limem
578 3258 658 3322 aedis
681 3258 736 3324 Dei
758 3261 864 3325 sedere
888 3252 1097 3365 (ambil),
1117 3281 1205 3346 quam
1228 3263 1306 3323 iutra
1329 3272 1393 3324 ten·

272 3385 350 3446 toria
373 3383 578 3470 improborum
601 3384 755 3449 hahitare«
779 3380 847 3467 (Ps.
868 3385 1006 3462 LXXIV,
1027 3380 1094 3465 ll).
1140 3384 1225 3450 Hanc
1247 3387 1392 3448 rationem

273 3512 380 3586 secuti,
406 3508 480 3574 duas
504 3510 689 3575 conditiones
714 3509 808 3593 Qaino
833 3509 941 3577 diserte
964 3513 1136 3597 propositas
1159 3507 1316 3574 habemus:
1348 3512 1392 3574 »si

272 3632 346 3698 bene
370 3633 450 3711 lacis,
475 3636 525 3698 illa
547 3648 592 3699 est
615 3636 778 3720 cocleatim·
802 3639 848 3700 sin
871 3639 978 3712 minue,
1003 3635 1042 3699 ad
1064 3637 1176 3722 peccati
1199 3633 1278 3700 loros
1293 3634 1393 3715 servili

271 3780 354 3823 more
371 3761 580 3845 procumbas«
626 3759 732 3826 Utrum
755 3761 863 3826 horum
886 3763 989 3838 mavis,
1014 3764 1167 3847 accipe-
1186 3782 1254 3824 nam
1276 3759 1391 3846 relligio

272 3906 356 3949 suam
385 3907 483 3950 secum
507 3885 679 3972 dignitatem
702 3900 849 3973 reportat,
879 3888 1003 3972 propria
1024 3889 1276 3973 primogeniturae
1298 3887 1393 3970 privi-

271 4009 346 4096 legia
377 4008 433 4075 sibi
456 4010 601 4090 vindicat3
631 4015 769 4097 pictatem
798 4012 903 4087 colito,
936 4024 965 4075 et
991 4011 1063 4076 haec
1086 4014 1185 4076 omnia
1207 3999 1263 4074 tibi
1286 4009 1393 4096 adjun-

270 4148 386 4222 gentur.
434 4135 487 4200 Sin
510 4139 618 4213 minus,
643 4136 753 4200 lrustra
776 4149 908 4224 ereptum
931 4139 1143 4223 patrimonium
1166 4139 1316 4244 quereris3
1339 4133 1393 4198 ab·

266 4259 344 4343 jecta
368 4265 444 4327 enim
466 4263 633 4349 relligione,
659 4274 753 4326 cetera
776 4275 882 4349 sponte
905 4285 959 4328 sua
982 4261 1108 4340 abeuut;
1133 4274 1162 4326 et
1178 4262 1280 4349 eulpae
1297 4260 1393 4326 domi·

271 4388 352 4447 natio
376 4409 470 4451 nexos
493 4400 582 4474 atque
606 4386 739 4454 addictos
763 4387 897 4454 homiues
922 4391 950 4452 in
974 4392 1146 4456 servitutem
1171 4386 1299 4453 abducit.
