3172 5186
743 361 955 476 Q—

290 578 368 662 regis
397 576 519 659 imperio
544 569 663 638 subdita
690 585 761 637 erat.
801 570 841 636 nt
862 570 936 659 quid
959 584 1019 650 est,
1049 593 1103 637 cur
1124 573 1277 659 parvulam
1301 573 1412 660 Bcnja-

290 702 459 764 minitarum
480 695 607 774 tribum,
631 709 771 784 tanquam
796 694 993 762 dominantem
1012 701 1089 763 inter
1110 696 1214 763 iratres
1238 719 1321 775 suos,
1346 699 1411 784 pri-

290 845 367 888 mam
388 822 554 898 induxerim
579 820 683 886 deinde
706 843 776 884 vero
800 841 987 886 numerosam
1003 820 1097 886 Judae
1122 821 1278 888 sobolem?
1299 820 1410 887 Nonne

291 951 383 1015 cuivis
398 968 539 1034 apparere
555 943 650 1022 debet,
675 944 748 1010 illud
762 958 920 1032 propterea
936 945 1085 1024 accidisse,
1102 947 1287 1034 quianullus
1302 945 1411 1012 fuisset

289 1073 570 1148 Israelitarumrex,
593 1074 713 1135 nisiex
734 1071 781 1134 his
805 1069 921 1135 duabus
945 1069 1093 1149 tribubus,
1118 1094 1153 1136 co
1177 1085 1320 1158 tempore,
1345 1092 1408 1159 quo

290 1197 414 1264 Solomo
436 1197 576 1282 templum
601 1217 688 1260 suum
711 1193 886 1260 dedicabat?
907 1194 1008 1284 Atque
1024 1199 1065 1260 ita
1079 1218 1200 1284 quoque
1216 1197 1410 1284 explanatum

289 1321 380 1386 habes
404 1320 552 1397 ordinem,
577 1342 637 1408 quo
660 1322 759 1408 regiae
781 1319 879 1385 tribus
901 1323 1101 1386 nominantur.
1130 1319 1205 1386 Nam
1221 1320 1331 1386 Saulus
1351 1321 1411 1386 luit

288 1447 498 1532 Bcnjeminita,
521 1444 650 1509 Davides
673 1467 762 1521 vero,
793 1446 878 1530 cujus
906 1445 984 1509 filius
1009 1445 1132 1512 Solomo
1159 1459 1231 1510 tunc
1253 1444 1408 1534 regnabat,

289 1575 365 1638 inter
387 1570 517 1635 Judaeos
541 1567 724 1635 censebatur.
765 1566 826 1633 Sed
847 1582 1042 1657 posteaquam
1064 1569 1257 1636 Jerobeamus
1279 1571 1410 1658 Ephrai-

289 1701 360 1762 mita
387 1695 557 1762 seditiosam
586 1694 684 1758 decem
712 1690 844 1758 tribuum
872 1693 1098 1779 disjunctionem
1126 1707 1289 1782 patrasset,
1319 1718 1406 1760 nemo

289 1821 385 1888 tribus
399 1820 570 1886 israeliticas
593 1820 651 1884 hoo
667 1817 770 1882 ordine
789 1822 949 1905 posuisset.
981 1819 1079 1903 Quum
1095 1843 1133 1884 ex
1146 1819 1224 1886 libro
1242 1819 1259 1885 1
1275 1820 1406 1908 Paralip.

289 1945 399 2024 XV,3
431 1958 546 2010 constet
574 1966 675 2008 omnes
697 1943 842 2008 israelitas
866 1944 1103 2031 Hierosolymam
1133 1957 1312 2010 convocatos
1343 1967 1407 2010 esse

290 2071 328 2136 ad
347 2068 578 2136 transferendam
593 2068 724 2134 Jehovae
739 2091 836 2134 arcam
852 2073 883 2133 in
896 2070 1038 2156 templum
1054 2069 1261 2146 Tsioniticum,
1285 2083 1408 2156 quaeret

289 2196 414 2262 fortasse
438 2196 543 2282 aliquis
567 2215 658 2282 quare
673 2206 755 2258 vates
778 2207 881 2259 noster
902 2198 1022 2260 nonnisi
1046 2209 1189 2282 quattuor
1205 2193 1302 2260 tribus
1325 2217 1407 2260 com·

289 2333 439 2398 memoret,
464 2341 538 2407 quae
560 2320 687 2384 lactitiae
710 2320 751 2383 illi
772 2317 908 2407 publicae
930 2323 1114 2386 interessent
1146 2319 1187 2386 Ut
1201 2318 1406 2385 schnurrerus

288 2445 363 2510 bene
385 2457 500 2521 monet,
531 2445 664 2510 historici
686 2443 805 2521 fuisset,
837 2465 897 2508 non
921 2457 1043 2533 poetae,
1070 2467 1172 2510 omncs
1194 2443 1290 2510 tribus
1312 2445 1406 2533 longo

290 2571 393 2638 ordine
414 2591 573 2636 recensere.
607 2568 686 2634 idem
710 2582 808 2634 autom
829 2589 890 2634 rem
914 2591 969 2635 acu
991 2593 1054 2635 non
1075 2573 1181 2659 tetigit,
1207 2591 1299 2657 quum
1318 2571 1406 2636 Beo-

280 2698 386 2782 jcme'o
408 2708 438 2760 et
452 2693 570 2761 Judam
592 2693 659 2759 idco
684 2695 804 2760 selectas
827 2694 918 2759 fuisse
942 2707 1037 2782 putat,
1062 2699 1131 2782 quia
1151 2699 1182 2759 in
1196 2700 1335 2783 proximo
1352 2698 1406 2761 ha-

288 2823 425 2899 bitarent,
449 2820 638 2886 Zebuloaem
660 2833 757 2885 autem
781 2833 810 2886 et
831 2818 1042 2905 Ncpbtbclia,
1067 2823 1136 2908 quia
1158 2821 1328 2909 longissime
1352 2821 1406 2886 ab·

290 2959 386 3012 essent
409 2969 427 3010 a
446 2945 512 3010 loco
530 2945 732 3010 solemnitatis.
762 2945 862 3010 Arbor
876 2949 953 3010 enim
968 2946 1068 3033 paullo
1084 2945 1203 3034 longius
1219 2944 1302 3010 abest
1316 2967 1404 3033 quam

288 3068 464 3158 Nopbtboli
491 3081 521 3133 ct
548 3070 706 3154 Zebulon,-
737 3083 766 3135 et
794 3074 820 3134 si
848 3074 1057 3158 propinquitas
1086 3069 1288 3155 spectabatur,
1318 3069 1405 3137 cha

290 3194 416 3261 debebat
436 3196 561 3280 primam
582 3193 681 3258 sedem
705 3194 847 3260 obtinere.
883 3193 982 3262 Causa
1005 3195 1179 3272 selectionis,
1202 3198 1234 3258 ni
1254 3195 1349 3272 iallor,
1372 3197 1403 3260 in

290 3342 324 3386 eo
350 3317 516 3406 quaerenda
539 3331 591 3396 est,
616 3319 700 3407 quod
722 3323 753 3384 in
774 3319 909 3384 chorae
933 3323 1082 3397 ovatione,
1106 3342 1194 3407 quam
1217 3333 1318 3407 apertc
1339 3322 1405 3384 imi·

288 3458 369 3510 tatur
383 3457 473 3532 poeta
487 3457 598 3523 noster,
622 3445 759 3512 Zebulon
773 3458 802 3511 et
816 3443 978 3532 Naphthali
995 3446 1159 3533 longiorem
1174 3444 1257 3508 illum
1270 3443 1405 3509 tribuum

290 3570 421 3635 ordinem
443 3568 584 3634 claudunt
600 3565 662 3652 (vv.
681 3567 731 3648 15,
751 3565 815 3652 18).
843 3569 904 3636 Has
920 3573 1021 3658 igitur,
1046 3573 1163 3635 omissis
1179 3571 1292 3648 ceteris,
1316 3573 1404 3658 regiis

289 3694 427 3760 tribubus
451 3694 586 3779 subjecit.

376 3819 439 3884 Hae
461 3821 714 3906 argumentatione
729 3819 802 3884 mihi
816 3819 935 3907 quidem
949 3818 1098 3906 probatur
1112 3821 1256 3886 canticum
1267 3832 1404 3885 nostrum

288 3945 370 4010 nullo
400 3945 457 4009 alio
486 3957 618 4032 tempore
642 3943 787 4010 conscribi
813 3948 948 4031 potuisse
977 3967 1066 4032 qnam
1094 3944 1150 4009 sub
1178 3947 1294 4009 initium
1322 3948 1404 4033 regui

289 4069 476 4147 Solomonei,
500 4069 609 4134 nullam
632 4069 718 4134 aliam
741 4070 780 4135 ob
794 4093 935 4148 causam,
960 4091 1048 4157 quam
1063 4082 1098 4135 ut
1113 4069 1290 4134 dedicationi
1305 4092 1404 4135 sacros

289 4197 369 4261 aedis
396 4189 550 4263 serviret.¹
572 4194 654 4279 Quae
682 4199 708 4260 si
737 4200 779 4261 ita
808 4217 839 4261 sc
867 4195 992 4272 habent,
1023 4209 1052 4260 et
1079 4197 1105 4259 si
1133 4193 1169 4259 de
1198 4197 1314 4260 ratione
1336 4194 1404 4260 libri

288 4320 444 4386 Jasharani
467 4341 535 4386 vere
558 4319 698 4399 disserui,
728 4334 839 4387 eertum
862 4334 908 4386 est
930 4321 1009 4386 hunc
1030 4319 1180 4386 Psalmum
1204 4318 1240 4384 ab
1263 4323 1320 4385 ista
1343 4320 1405 4385 col-

288 4445 412 4511 lectione
434 4467 496 4512 non
518 4447 679 4514 exsulasse.
713 4444 789 4514 Nam
811 4450 836 4514 si
859 4469 931 4535 gens
953 4445 1117 4515 Jasharana
1139 4459 1203 4513 tum
1226 4445 1343 4512 demum
1365 4443 1405 4512 ad
