3166 5178
839 306 885 377 18

753 406 967 414 ψ

298 515 440 582 Hebraeis
470 511 607 597 Jatoet,
640 511 839 601 Tubbora'ob,
872 513 1033 598 Caesareo,
1067 527 1096 580 et
1121 515 1253 580 Tiberio.
1298 516 1331 579 ln
1360 535 1423 603 qna

299 639 389 718 urbe,
414 661 509 728 usque
533 638 571 703 ad
587 661 696 704 annum
713 639 825 706 Christi
842 635 922 717 230,
948 639 1052 705 claruit
1066 637 1164 705 Rabbi
1181 639 1313 706 Jebudo.
1346 639 1423 704 Post

300 767 385 852 cujus
409 764 469 829 lata
490 767 649 852 praecipua
672 765 836 830 litterarum
859 766 958 829 studia
980 768 1146 853 migramnt
1168 768 1199 829 iu
1212 763 1420 854 Babyloniam.

301 890 359 956 Ubi
382 890 584 955 celeberrimae
607 889 728 955 luerunt
742 888 917 954 Academiae
942 894 1129 956 continuatae
1146 912 1242 978 usqne
1258 889 1297 954 ad
1311 911 1421 954 annum

302 1014 414 1081 Christi
441 1013 535 1082 1037.
581 1014 682 1102 Atque
704 1019 746 1079 ita
773 1015 811 1080 ad
833 1015 910 1080 idem
932 1028 1049 1102 tempus
1072 1037 1162 1103 penes
1186 1016 1268 1080 solos
1290 1014 1423 1102 Babylo-

300 1143 367 1204 nios
398 1143 491 1204 totius
516 1140 667 1204 doctrinae
689 1140 828 1205 ludaicee
857 1139 913 1204 fuit
937 1140 1050 1205 culmen
1066 1135 1119 1222 ¹),a
1165 1140 1307 1206 Videmus
1330 1143 1423 1228 igitur

300 1265 533 1330 Masorethicum
561 1278 697 1329 nostrum
726 1277 840 1330 textum
870 1265 1030 1330 traditione
1058 1266 1122 1329 sola
1144 1267 1214 1344 niti3
1248 1287 1316 1329 nam
1339 1263 1422 1352 quod

302 1392 399 1454 aiunt:
435 1410 541 1453 romne
574 1392 802 1454 instrumentum
830 1390 969 1454 ludaicae
1004 1390 1184 1456 litteraturae
1216 1411 1269 1478 per
1296 1388 1421 1453 Esdram

302 1528 419 1580 constat
441 1527 656 1580 restauratum«
681 1512 820 1598 (Tertull.
845 1515 881 1579 de
904 1513 1009 1580 habitu
1031 1516 1103 1580 mul.
1127 1515 1187 1578 vol.
1203 1515 1255 1591 lll,
1278 1536 1302 1578 e.
1320 1511 1368 1597 3);
1392 1526 1423 1578 et

303 1641 432 1706 »Esdras
456 1639 511 1705 Dei
534 1640 671 1706 sacerdos
696 1639 879 1709 combustam
903 1663 921 1704 a
940 1613 1095 1706 Chaldaeis
1119 1642 1149 1703 in
1172 1640 1298 1704 archivis
1321 1639 1421 1726 templi

302 1769 432 1830 restituit
454 1766 568 1853 legem«
591 1761 766 1856 (Augustin.
791 1766 850 1829 vol.
867 1766 913 1830 111.
937 1787 1006 1852 pars
1022 1766 1055 1829 ll.
1074 1759 1184 1852 App),
1216 1765 1295 1829 unde
1318 1761 1423 1828 ὁτῶν

303 1889 537 1954 θεοπνεύσιων
565 1883 806 1974 ἄναγνωρισμός
833 1893 887 1953 καὶ
917 1885 1147 1973 ἅνακαινισμὸς
1169 1888 1288 1969 λογίων
1310 1883 1419 1972 (Clam.

303 2015 391 2080 Alex.
409 2014 521 2079 Strom.
536 2015 557 2078 l.
581 2037 611 2100 p.
630 2012 694 2080 392
710 2008 850 2094 Potter);
874 2014 904 2104 id
922 2017 1020 2102 ipsum
1036 2017 1155 2080 nonnisi
1172 2015 1316 2080 tralaticia
1333 2035 1423 2102 quae·

305 2141 372 2205 dam
401 2138 501 2203 sabula
529 2151 588 2216 est,
619 2162 636 2203 a
659 2139 822 2225 majoribus
845 2139 968 2217 tradita,
998 2152 1116 2226 accepta
1139 2163 1156 2204 a
1178 2143 1306 2227 posteris
1328 2141 1422 2227 magis

305 2287 393 2352 quam
421 2264 557 2351 probata.
605 2263 695 2329 Sacra
725 2277 823 2328 autem
845 2265 941 2330 Biblia
968 2268 1138 2352 promiscua
1161 2287 1224 2331 esse
1247 2266 1422 2331 collectanea

303 2390 428 2454 diversis
450 2388 584 2454 fontibus
603 2388 736 2454 derivata
757 2393 927 2455 testimonio
952 2402 1022 2455 sunt
1043 2393 1101 2477 ipsi
1125 2392 1345 2476 compilatores,
1371 2391 1423 2477 qui

304 2537 365 2580 non
388 2515 478 2580 modo
503 2517 686 2602 antiquiores
709 2514 801 2580 libros
819 2516 944 2582 subinde
959 2515 1095 2594 laudant,
1120 2539 1223 2580 verum
1238 2519 1326 2580 etiam
1340 2515 1422 2579 locos

305 2642 467 2728 eclogarios
502 2640 661 2722 identidem
689 2643 882 2706 intertexunt.
929 2641 1049 2705 Praeter
1079 2640 1187 2705 librum
1216 2640 1421 2716 Jasharanum

305 2785 393 2852 quem
419 2762 605 2828 tractandum
635 2768 767 2852 suscepi,
797 2767 871 2830 alios
901 2787 1022 2853 quoque
1050 2778 1185 2832 auctores
1214 2769 1244 2831 in
1268 2775 1422 2830 numerato

305 2888 475 2954 habuerunt
497 2887 609 2954 scribae
632 2889 674 2952 illi
698 2903 727 2955 et
750 2892 973 2977 compilatores3
997 2913 1059 2956 non
1081 2891 1172 2956 modo
1195 2895 1225 2956 in
1243 2893 1279 2956 iis
1295 2891 1422 2977 scriptis,

306 3033 382 3100 qnae
408 3015 514 3102 populi
545 3017 673 3102 origines
704 3028 733 3079 et
760 3019 844 3081 initia
872 3015 1058 3095 describunt,
1089 3029 1124 3080 ut
1154 3039 1246 3104 quum
1275 3019 1307 3080 in
1333 3014 1422 3079 Num.

305 3137 394 3215 xxi,
420 3136 461 3203 14
495 3141 616 3204 citatum
644 3142 811 3206 invenimus
834 3141 1046 3207 [obunci
996 3142 1057 3207 bell
1055 3165 1144 3206 orum
1166 3141 1303 3207 Jetovae
1326 3135 1424 3246 (tuo

305 3257 390 3334 mim*
412 3238 591 3368 mutabo),
565 3261 647 3347 )et
668 3267 842 3353 generaliter
865 3287 916 3330 eoo
938 3269 992 3354 qui
1009 3269 1042 3331 iu
1058 3267 1244 3332 carminibus
1258 3223 1426 3354 loqruaolur

306 3390 367 3454 scil.
384 3387 529 3476 poetae(
517 3346 731 3483 llhll'lllllilll),
760 3413 864 3456 verum
887 3395 973 3456 etiam
996 3395 1027 3454 in
1049 3395 1115 3470 iis,
1132 3394 1183 3480 qui
1206 3413 1309 3479 regum
1332 3393 1425 3456 serio-

305 3537 372 3580 rum
400 3537 447 3580 res
475 3528 573 3603 gestas
602 3486 768 3594 continent,
798 3529 834 3580 ut
857 3539 948 3604 quum
972 3519 1003 3580 in
1025 3515 1102 3580 libro
1125 3517 1147 3582 l.
1163 3516 1237 3605 Reg
1253 3516 1340 3582 XXll
1361 3516 1425 3580 lau·

384 3814 402 3881 ¹)
427 3812 554 3879 Quantum
573 3814 711 3869 contulerit
723 3815 840 3888 babylon
859 3816 889 3870 ad
908 3813 1006 3869 litteras
1019 3815 1139 3871 iudaicae
1154 3815 1328 3871 informandas
1342 3815 1424 3872 diseas

307 3909 366 3965 licet
389 3929 402 3964 a
426 3909 497 3966 Julio
517 3913 621 3966 Ftlrstio
646 3911 757 3976 (llultur
778 3929 804 3966 u.
823 3911 1097 3986 Literaturgeschichte
1122 3914 1166 3968 der
1183 3913 1270 3968 Juden
1292 3916 1318 3967 in
1337 3913 1425 3968 Aaien.

307 4009 394 4082 Leipr..
412 4007 507 4077 lete).
545 4009 613 4063 Bene
637 4008 681 4063 ille
700 4009 832 4064 observat:
860 4011 1035 4084 »Babylonica
1055 4012 1171 4067 werdae
1192 4009 1305 4067 Saetleld
1324 4011 1367 4066 ltir
1384 4012 1425 4066 dia

307 4107 414 4160 meloten
434 4107 578 4178 Gattungcn
604 4106 648 4160 der
668 4107 805 4176 jiidischen
823 4108 969 4164 hilaratur·
988 4109 1023 4181 (p.
1039 4109 1075 4180 2).
1114 4109 1367 4182 Septuagintavirelis
1386 4112 1426 4164 in·

307 4205 469 4273 terpretatio,
497 4221 562 4275 qrrae
590 4205 644 4258 sive
667 4213 721 4258 tota
746 4207 800 4260 sive
823 4210 910 4278 potius
935 4225 966 4262 ex
989 4217 1060 4280 perte
1082 4207 1168 4280 paullo
1194 4218 1251 4264 ente
1275 4207 1426 4264 christianae

308 4299 427 4355 ecclesiae
444 4301 584 4372 primordia
598 4302 767 4360 Alexandriae
785 4304 851 4361 lacta
870 4315 921 4374 eet,
946 4307 1112 4392 hlaeorelhiri
1128 4313 1214 4364 textus
1232 4309 1349 4384 vestigiis
1367 4307 1426 4381 plna

308 4407 353 4456 aut
371 4401 456 4454 minus
475 4401 579 4456 insistit.
