3160 5170
692 337 768 410 217

168 550 248 616 unde
278 550 336 613 boc
365 549 516 614 oraculum
546 547 734 634 desumptum
764 560 842 612 essct
868 561 897 612 ct
926 549 996 612 huic
1019 551 1221 614 vaticinationi
1244 552 1289 614 in-

169 687 291 739 sertum.
336 672 478 738 Absurde
501 686 546 737 est
567 671 719 736 Michaelis
750 674 920 759 conjectura
942 677 1139 760 antiquiorem
1163 674 1289 762 aliquem

52 803 55 810 ⁴
167 821 281 888 regem,
307 797 442 887 Ogygem
464 811 552 885 puta,
576 797 723 862 hocloco
748 800 841 860 innui.
890 795 1017 862 Constat
1037 797 1177 886 Agagum
1199 803 1288 865 istum

167 936 320 1011 potentem
348 945 446 1010 regem
475 921 581 999 suisse,
614 934 766 987 cruentum
793 921 964 986 bellatorem
988 917 1019 1005 (1
1038 922 1118 987 Sam.
1135 923 1202 1002 XV,
1221 921 1287 1009 33).

170 1046 309 1113 Ceterum
343 1051 518 1135 exstirpatio
553 1047 602 1111 illa
631 1047 886 1134 Amalcquitarum
915 1069 976 1112 non
1006 1047 1096 1112 modo
1126 1049 1289 1116 declaratur

167 1171 257 1237 Num.
274 1172 386 1249 XXIV,
404 1171 461 1250 20,
491 1173 543 1238 sed
566 1172 748 1261 significatur
771 1172 901 1237 clausula
924 1173 972 1236 bic
995 1177 1094 1239 statIm
1116 1177 1288 1261 insequente

168 1321 197 1360 v.
211 1297 242 1376 8,
267 1297 320 1362 ubi
344 1299 569 1386 sauguinolenta
593 1296 736 1385 quaedam
753 1300 877 1362 victoria
901 1297 1086 1363 describitur.
1119 1297 1195 1363 Nam
1216 1300 1288 1364 mihi

168 1426 364 1487 certissimum
392 1436 451 1500 est,
488 1445 586 1487 veram
615 1423 770 1487 lectionem
799 1444 862 1488 eam
892 1445 955 1488 esse
986 1445 1074 1510 quam
1104 1446 1142 1488 ex
1168 1423 1287 1488 Psalmo

167 1547 303 1624 LXVIII,
322 1547 366 1613 24
388 1548 547 1633 desumpsi.
583 1547 627 1612 lbi
650 1551 726 1612 enim
750 1547 827 1612 idem
850 1547 974 1612 verbum
992 1554 1076 1652 Vnt?
1100 1571 1165 1613 cum
1189 1571 1288 1614 neces·

167 1677 247 1738 sario
265 1673 470 1761 supplemento
487 1676 667 1738 invcnImus:
690 1675 773 1778 wll-'I
790 1649 887 1779 sslb'l
902 1680 1031 1779 Vlml‘
1056 1673 1287 1761 »contorquebis

167 1798 272 1886 pedem
295 1811 380 1862 tuum
396 1802 427 1862 in
443 1801 617 1886 sanguine«
650 1797 788 1862 Profecto
804 1811 936 1885 praestat
950 1799 1187 1886 supplementum
1207 1804 1288 1875 n't:

168 1936 311 2011 tanquam
333 1924 420 1987 simili
443 1923 606 1988 litterarum
630 1923 738 2000 ductu,
769 1927 820 2010 qui
843 1927 979 2011 sequitur
1001 1930 1088 2002 iffi,
1113 1924 1287 2012 absorptum

167 2052 323 2113 restituere
345 2052 463 2135 potius,
492 2071 580 2136 quam
603 2048 680 2113 idem
703 2049 882 2116 vocabulum
906 2048 1077 2114 duriuscule
1098 2051 1193 2138 ellipsi
1216 2051 1288 2117 sub·

167 2172 286 2250 audire,
311 2195 347 2237 ne
370 2172 464 2237 dicam
487 2174 546 2238 hoc
569 2173 767 2239 additamento
791 2178 907 2239 tertiam
923 2175 1110 2261 parallelismi
1127 2176 1287 2242 clausulam

166 2301 400 2363 numerosiorem
423 2298 496 2363 fieri.

365 2559 367 2562 ⁵
471 2605 508 2663 nu
532 2605 714 2670 cusanam
735 2603 983 2664 saumonem

257 2799 297 2864 Ut
318 2803 349 2865 in
371 2799 459 2864 tertia
474 2800 620 2886 particula
632 2796 719 2863 Sauli
735 2802 890 2876 victoriae,
915 2802 956 2862 ita
971 2812 1077 2887 quarta
1092 2801 1147 2865 hac
1162 2800 1285 2866 Davidis

166 2947 213 2992 res
237 2937 336 3013 gestae
360 2925 571 3013 significantur.
610 2921 686 2988 Nam
708 2925 827 2988 atellam
849 2925 927 2990 illam
951 2938 980 2990 et
1000 2937 1154 3013 coeptatam
1176 2926 1215 2991 ad
1230 2950 1286 3015 po·
1316 2901 1318 2906 ι

142 3053 363 3115 'tentissImum
386 3051 466 3115 bunc
488 3073 586 3138 regem
610 3063 741 3136 spectare
764 3072 850 3114 nemo
875 3050 1010 3117 dubitare
1031 3065 1141 3138 petest.
1178 3051 1286 3118 Stellae

166 3178 245 3240 enim
268 3189 338 3239 sunt
360 3179 445 3264 quasi
463 3175 594 3241 Jebovac
618 3179 758 3252 ministri,
784 3188 813 3240 et
836 3189 997 3263 sceptrum,
1024 3198 1084 3263 quo
1108 3190 1210 3264 gentes
1234 3201 1286 3242 ex-

165 3314 244 3366 teras
262 3300 439 3378 contundat,
463 3300 571 3365 Davidi
586 3303 645 3386 ipsi
660 3299 803 3364 tribuitur
819 3296 881 3381 (Ps.
897 3301 931 3378 ll,
949 3297 993 3383 9).
1029 3301 1173 3367 Davidem
1188 3268 1286 3368 autern

165 3425 314 3491 Moabitas
346 3424 524 3514 confregisse
548 3439 577 3489 et
600 3437 711 3490 ceteros
735 3426 853 3500 hostes,
885 3428 936 3512 qui
960 3437 1062 3490 contra
1086 3447 1153 3490 omn
1175 3429 1286 3492 tumul-

165 3550 337 3629 tuabantur,
360 3550 513 3616 Idumaeae
538 3572 658 3639 quoque
680 3549 828 3637 praesidia
850 3553 1042 3637 imposuisse,
1068 3563 1102 3614 ut
1118 3555 1286 3636 possessIo-

165 3699 218 3742 nes
242 3700 311 3740 suas
335 3677 535 3753 confirmaret,
559 3689 685 3742 testatur
707 3677 832 3740 historia
856 3671 889 3757 (2
905 3674 985 3739 Sam.
998 3671 1086 3757 VIII),
1112 3687 1142 3739 et
1156 3673 1284 3742 Davides

165 3807 230 3890 ipse
253 3802 467 3890 gloriabundus
497 3801 647 3889 praedicat
670 3798 790 3884 (Psalm.
806 3802 844 3876 H,
865 3796 942 3884 LX).
991 3800 1073 3885 Quae
1097 3804 1195 3866 omnia
1219 3823 1285 3865 cum

166 3931 280 3993 cantico
309 3940 413 3992 nostro
445 3927 483 3992 ad
503 3893 637 3992 litteram
666 3949 761 4014 usque
791 3930 959 3992 concinunt.
1005 3924 1080 3990 Nam
1108 3939 1143 3991 ut
1164 3929 1286 3990 nomina

163 4057 288 4142 propria
312 4057 459 4130 omittam,
490 4054 591 4118 hostes
615 4055 651 4130 ii,
683 4056 734 4139 qui
757 4048 822 4144 ΠΨ
844 4053 905 4144 ΨΒ
921 4052 988 4142 fittt
1008 4053 1153 4137 strepitus
1175 4052 1284 4134 bellici,

164 4182 185 4243 i.
198 4202 223 4243 e.
240 4177 403 4244 turbulenti
420 4191 448 4244 et
462 4178 686 4255 tumultuantes,
704 4147 893 4266 appellantur·
902 4171 951 4258 (cl.
964 4176 1069 4241 derem.
1082 4175 1212 4254 XLVIII,
1226 4175 1283 4242 45:

166 4297 259 4407 ltetgt
282 4305 358 4381 ΨΒ,
384 4307 435 4390 qui
458 4304 541 4368 loeus
565 4325 603 4366 cx
625 4315 729 4368 nostro
748 4305 911 4368 imitatione
927 4323 1086 4388 expressus
1102 4298 1169 4384 est),
1194 4301 1281 4368 nobis

165 4432 197 4493 in
219 4431 389 4494 memorIam
411 4451 550 4494 revocare
574 4427 681 4494 debent
702 4431 818 4493 initium
840 4428 950 4492 Psalmi
973 4425 1108 4493 secundi:
