3166 5178
555 1151 560 1161 ,
597 1100 928 1202 PRAEFATIO

465 1295 743 1364 unrrronrs
778 1297 1056 1366 snouonnn

698 1502 821 1514 ——a

207 1677 432 1787 Occasionem
458 1717 552 1803 hujus
574 1717 806 1786 dissertationis
828 1718 1115 1804 recognoscendae,
1138 1741 1159 1787 a
1180 1720 1316 1788 librariis

205 1826 352 1909 delatam,
373 1824 520 1909 equidem
536 1825 668 1893 libenter
682 1826 810 1912 arripui.
838 1826 920 1893 Nam
935 1826 1061 1894 tametsi
1076 1829 1116 1894 ab
1132 1848 1171 1894 ea
1186 1827 1316 1913 ratione,

205 1954 268 2018 qna
289 1933 322 1999 in
344 1931 491 2000 universa
510 1954 544 2000 re
563 1939 708 2000 versatus
728 1953 807 2018 sum,
828 1955 869 2001 ne
889 1940 1102 2001 mansuersum
1118 1934 1246 2019 quidem
1261 1955 1315 2002 un-

203 2062 298 2126 guem
321 2040 469 2124 discessi,
492 2046 523 2107 et
543 2041 595 2107 vel
616 2041 804 2126 paginarum
826 2040 968 2108 ordinem
990 2061 1217 2127 numerumque
1239 2043 1316 2110 inte
1433 2090 1439 2104 .

203 2169 294 2234 gmm
316 2147 443 2232 reliqui,
465 2154 571 2216 tamen
594 2147 796 2216 nihilominus
818 2148 904 2216 haud
927 2149 972 2215 ita
993 2170 1097 2234 panea
1120 2157 1209 2217 erant
1231 2149 1316 2234 sigil-

203 2255 300 2340 latim,
321 2274 404 2338 quae
422 2255 474 2322 vel
496 2255 617 2322 minuta
635 2263 764 2340 egerent
785 2256 1013 2342 emendatione,
1029 2258 1081 2325 vel
1100 2257 1189 2324 brevi
1208 2257 1315 2340 aliquo

203 2368 386 2447 argumento
408 2361 585 2430 confirmari
607 2369 746 2449 possent
783 2362 830 2429 Ac
850 2364 1037 2448 praesertim
1064 2364 1097 2430 in
1120 2383 1160 2431 ea
1181 2365 1314 2447 Peccati,

204 2470 288 2554 quod
306 2476 443 2554 vooatur,
467 2469 636 2558 originalia
656 2469 920 2556 interpretatione,
943 2491 1038 2555 quam
1058 2492 1099 2538 ex
1118 2471 1261 2555 vestigiis
1282 2470 1315 2536 in

203 2584 290 2645 textu
310 2577 455 2645 Hebraeo
478 2577 611 2662 signatis
635 2577 755 2661 primus
777 2597 977 2662 agnoveram,
1000 2597 1095 2661 qnam
1117 2577 1315 2644 verissimam

197 2685 316 2786 judico,
337 2704 401 2769 qua
422 2690 573 2769 tanquam
594 2683 797 2752 fundamento
819 2684 957 2752 rationes
979 2704 1070 2750 meae
1088 2691 1120 2751 et
1134 2684 1252 2770 placita
1271 2684 1315 2751 in-

201 2793 349 2878 nituntur,
372 2800 499 2879 praeter
514 2791 779 2878 jucundissimam
797 2811 988 2859 summorum
1004 2791 1140 2859 virorum
1162 2793 1315 2879 approba·

201 2901 327 2983 tionem,
343 2901 398 2985 qui
411 2899 463 2968 vel
477 2919 621 2966 sermone
634 2900 686 2966 vel
705 2899 818 2967 litteris
833 2919 998 2967 assensum
1020 2919 1113 2966 suum
1127 2899 1205 2966 mihi
1220 2899 1316 2985 sigui.

201 3009 379 3093 ficaverant,
400 3007 579 3093 nuperrime
594 3013 626 3073 et
640 3007 733 3090 quasi
754 3005 834 3073 forte
850 3005 974 3074 fortuna
989 3007 1126 3093 comperi
1143 3007 1315 3076 Hominum

201 3115 380 3183 Cornelium
395 3113 570 3200 Agrippam
585 3113 897 3198 Nettesheimensem,
913 3114 968 3198 qui
990 3115 1135 3181 omnibus
1158 3113 1224 3182 fere
1247 3135 1314 3184 sae·

202 3223 263 3290 culi
286 3223 368 3290 sexti
388 3221 503 3289 decimi
525 3221 703 3308 hominibus
726 3221 852 3306 ingenio
875 3241 914 3288 ac
934 3220 1077 3288 doctrina
1098 3221 1313 3308 antepollebat,

201 3330 335 3398 eandem
356 3329 452 3415 plane
467 3329 655 3397 sententiam
678 3327 747 3395 sine
762 3328 827 3394 ulla
840 3329 991 3394 bonomm
1006 3329 1189 3414 offensione,
1204 3336 1314 3414 aperte

201 3436 379 3523 professum
402 3457 489 3521 esse,
512 3444 544 3504 et
565 3436 631 3504 acri
653 3436 824 3502 etiamtunc
846 3435 1007 3503 Romanae
1029 3435 1192 3503 Ecclesiae
1215 3435 1313 3503 domi-

199 3545 327 3613 natione
341 3545 501 3631 Episcopo
524 3544 650 3612 cuidam
673 3542 849 3610 dedicasse.
879 3543 990 3626 Itaque
1014 3543 1091 3608 mihi
1111 3543 1233 3628 relligio
1254 3543 1313 3611 fuit

200 3652 282 3719 hano
302 3654 618 3739 praeoccupationem
641 3670 712 3718 oum
733 3650 901 3717 lectoribus
924 3649 1004 3718 meis
1023 3650 1209 3735 quantocius
1232 3671 1313 3717 com·

200 3759 374 3845 manicare,
397 3759 531 3846 adjectis
547 3759 619 3826 aliis
634 3777 759 3842 quoque
774 3756 1054 3842 adstipulatoribus
1069 3776 1149 3841 quos
1166 3756 1312 3825 universe

201 3888 304 3934 meam
318 3868 369 3935 vel
392 3868 496 3954 potius
512 3867 673 3952 Agrippae
688 3863 841 3931 rationem
858 3866 1080 3950 comprobasse
1101 3863 1224 3930 rescivi.
1253 3863 1312 3930 Ne

200 3993 262 4058 que
283 3973 367 4040 enim
390 3973 419 4042 is
443 3995 513 4042 sum
535 3974 590 4058 qui
612 3971 744 4038 tremam
766 3978 921 4058 ,pereant
942 3972 997 4056 qui
1025 3974 1098 4039 ante
1120 3989 1179 4037 nos
1204 3976 1312 4037 nostra

199 4076 384 4163 dixerunt!“
421 4081 554 4150 Gaudeo
576 4079 681 4166 potius
703 4099 742 4145 ae
762 4079 870 4163 laetor,
893 4077 987 4164 quod,
1011 4079 1086 4146 dum
1112 4078 1144 4162 ii,
1167 4078 1222 4161 qui
1243 4098 1312 4163 per·

199 4209 313 4255 ennem
328 4189 442 4256 erroris
457 4189 590 4255 rivulum
607 4208 647 4254 ex
662 4186 806 4254 caenosis
822 4186 1038 4254 ecclesiaticae
1053 4184 1230 4252 traditionis
1246 4184 1312 4252 son-

198 4295 283 4363 tibus
305 4295 461 4379 hauriunt,
483 4295 608 4382 lapsum
630 4293 766 4360 hominis
782 4301 814 4361 et
828 4294 980 4361 malorum
1001 4292 1139 4359 omnium
1157 4292 1311 4378 originem

199 4403 242 4470 ad
256 4403 402 4469 callidam
418 4401 566 4487 Aesopici
586 4402 742 4488 serpentis
757 4401 938 4468 facundiam
958 4399 1104 4484 referunt,
1125 4401 1311 4468 exstiterunt
1366 4431 1370 4438 ·

200 4510 310 4593 quovis
326 4509 392 4578 fere
415 4509 541 4577 saeculo
557 4508 641 4578 docti
663 4509 771 4599 piique
787 4508 854 4594 viri,
870 4508 924 4596 qui
940 4507 1097 4578 hominem
1113 4514 1145 4574 et
1159 4527 1310 4598 peccasse
