3160 5170
782 339 993 454 Q

329 554 392 640 qui,
417 571 591 642 quamquam
615 551 747 617 ethnicus
770 564 799 616 et
819 550 918 620 Israeli
939 551 1048 630 bestia,
1072 551 1242 624 amotus
1262 547 1367 618 affiatu
1389 551 1444 617 ab·

328 689 444 764 raptus,
472 699 532 741 non
562 677 660 764 potuit
685 698 745 745 non
771 675 851 744 bona
878 679 975 744 omnia
1007 697 1042 744 ae
1069 646 1166 744 caua
1193 677 1231 744 de
1257 676 1362 742 dilecto
1390 676 1445 742 Dei

328 802 439 889 populo
461 801 645 889 praedicares
683 801 716 868 ln
738 814 822 868 sexta
844 814 927 889 parte
949 805 1018 869 item
1044 805 1101 869 trie
1123 805 1282 888 reperimus
1305 805 1442 880 cumina,

329 947 454 1015 quorum
477 948 567 1014 mum
589 926 748 994 secundum
771 944 805 995 a'c
826 927 954 995 medium
980 927 1141 996 mirabilem
1166 927 1244 994 illam
1266 939 1296 992 ct
1318 928 1443 992 elemen-

236 1067 238 1078 '
329 1065 427 1118 torum
453 1074 509 1139 ope
535 1063 680 1138 patratam
701 1051 832 1119 losbuae
852 1055 986 1118 vitoriam
1013 1051 1153 1130 celebret,
1180 1065 1339 1140 utrumque
1366 1051 1443 1117 latus

329 1176 474 1244 clauditur
497 1199 514 1241 a
536 1175 650 1242 duabus
673 1178 831 1254 cantilenis,
853 1199 929 1266 quae
951 1180 1134 1244 conminus
1163 1177 1317 1254 mirabiles,
1342 1175 1443 1242 ambas

328 1304 477 1389 inopinata
499 1322 640 1389 aquamnn
663 1301 755 1370 eluvie
777 1301 910 1390 adjutas,
933 1302 1126 1371 lemebtarum
1154 1302 1339 1370 liberationes
1362 1324 1443 1368 com·

329 1439 499 1492 memorant.
545 1425 676 1514 Septima
703 1427 826 1517 denique
856 1441 942 1516 parte
967 1427 1087 1497 Danaas
1114 1440 1175 1494 tam
1207 1427 1327 1494 acerbae
1355 1450 1444 1517 mam

300 1617 304 1630 ,
330 1553 421 1618 laetae
436 1554 625 1638 cogitationes
645 1553 755 1618 laxiore
772 1553 897 1642 qeradam
914 1565 1080 1640 poematium
1096 1565 1198 1619 catena
1212 1552 1443 1641 frequentantur,

330 1675 472 1742 accedunt
494 1688 590 1742 autem
612 1678 753 1742 nonnulla
775 1678 812 1743 ad
836 1677 1015 1748 Solomonen
1036 1681 1283 1766 spectandaque
1302 1689 1445 1764 regnante

329 1800 400 1867 haec
415 1801 550 1888 relligiosi
570 1805 732 1888 argrrmenti
755 1803 923 1891 anthologia
944 1803 1054 1892 publici
1065 1805 1145 1888 juris
1166 1801 1243 1872 lecta
1262 1815 1314 1869 est.
1342 1803 1445 1892 Atque

330 1930 371 1991 ita
397 1950 415 1992 a
440 1949 520 1992 mera
546 1931 629 2014 poesi
656 1926 694 1992 ad
720 1949 825 2015 puram
850 1940 952 2015 putam
977 1927 1129 1996 historiam
1150 1930 1343 2016 pervenimus.
1390 1928 1442 1994 His
1565 2015 1566 2018 Ἴ

329 2053 494 2138 praemissis
518 2051 556 2117 ad
577 2053 942 2140 singulorumcaaminum
964 2056 1175 2125 enarrationem
1197 2052 1352 2122 descendo.

663 2406 704 2474 IN
729 2407 865 2478 racem
893 2407 1106 2480 CANTICUM.

832 2567 938 2580 ψ

417 2676 461 2743 De
484 2688 577 2742 aetate
603 2689 690 2766 atque
717 2688 835 2752 auctam
862 2677 952 2765 bujua
975 2677 1085 2748 Cantici
1111 2678 1211 2766 plnres
1233 2675 1353 2744 fuenmt
1374 2700 1439 2745 sen·

329 2805 444 2868 tentiae.
483 2801 673 2867 Inveniuntru
695 2803 851 2873 etiamdum
873 2807 925 2892 qrri
946 2803 1069 2872 credant
1086 2803 1230 2872 «Iacobum
1251 2806 1348 2892 ipsum
1370 2803 1442 2870 baec

329 2925 420 2992 verba
453 2931 597 2994 cecinisse.
647 2929 725 2994 Inter
758 2949 833 3017 quos
870 2929 1041 2994 numerandi
1074 2941 1143 2994 sunt
1175 2928 1440 3008 Rosenmuellerus,

326 3051 612 3140 Heugstcnbergius‚
637 3053 842 3131 Drechslerus‚
866 3052 1074 3132 Delitnschius‚
1098 3066 1128 3119 et
1152 3055 1319 3140 nuperrime
1339 3052 1442 3119 Ludo·

329 3179 410 3242 viem
433 3177 555 3257 Diestcl‚
580 3181 630 3268 qui
657 3179 831 3266 singularem
859 3178 895 3246 de
922 3180 979 3247 boc
1005 3190 1138 3267 poemate
1164 3177 1443 3244 Commentationem

330 3302 419 3368 edidit
447 3299 525 3388 (Der
552 3302 649 3392 Sagen
670 3303 778 3370 Jacobs
805 3307 835 3369 in
863 3303 966 3370 Genea.
987 3303 1093 3372 XLIX.
1120 3303 1277 3370 historiscb
1303 3303 1445 3370 ecl‘aiutert

329 3449 388 3493 von
420 3427 546 3516 Lndwig
579 3429 697 3496 Diestcl.
754 3429 983 3517 Braunschweig
1012 3424 1123 3512 1853).
1182 3427 1243 3496 Sed
1275 3440 1311 3494 ut
1342 3451 1443 3496 sumas

328 3551 472 3620 Jacobum
494 3551 583 3620 trisse
604 3554 750 3622 bominem
776 3555 910 3642 aliquem
933 3575 1003 3632 non,
1026 3567 1062 3620 ut
1088 3575 1178 3641 supra
1200 3553 1323 3632 catenali,
1346 3557 1443 3640 gentis

328 3677 506 3747 lasharanae
527 3699 648 3756 nomen,
671 3677 808 3746 habuisse
831 3692 927 3746 autem
949 3678 1103 3748 duodecim
1124 3677 1214 3756 lilios,
1236 3699 1298 3770 pon
1318 3678 1445 3746 totidem

329 3803 459 3874 tribuum
486 3807 668 3890 progeniem,
696 3806 762 3892 quis
796 3825 884 3870 sanus
912 3803 1066 3873 crediderit
1091 3803 1298 3873 moribundum
1331 3825 1443 3884 senem,

330 3927 402 3996 adeo
426 3927 618 4014 decrepitum,
642 3931 693 3994 vix
713 3941 749 3994 ut
770 3928 902 3996 cervieali
924 3951 954 3994 se
977 3931 1119 3996 sustinere
1141 3940 1256 4016 posset,
1279 3927 1367 4014 pleno
1390 3951 1445 3998 ore

329 4051 494 4142 profirdisse
522 4052 637 4139 justum
665 4075 795 4132 cumen,
823 4053 958 4122 omnibus
989 4052 1123 4141 partibus
1154 4052 1322 4124 absolutum
1352 4065 1446 4143 atque

330 4178 525 4256 elaboratum,
547 4177 720 4265 imaginibus
747 4191 777 4246 et
801 4182 1010 4266 paronomasia
1037 4189 1166 4256 anuas,
1190 4190 1277 4267 atque
1305 4180 1346 4244 ita
1368 4199 1444 4246 con·

331 4306 473 4382 stitutum,
497 4315 532 4372 ut
554 4326 590 4368 ne
611 4327 694 4370 unus.
712 4303 828 4394 quidem
848 4303 982 4382 liliorum,
1006 4307 1030 4370 si
1051 4303 1102 4370 filii
1123 4302 1268 4381 adessent,
1292 4303 1363 4393 quid
1385 4303 1445 4372 sibi

331 4427 437 4498 vedent
458 4429 613 4496 allusiones
635 4429 709 4506 illae,
729 4428 920 4514 intelligeret?
942 4428 1060 4518 Ecquis
1083 4429 1140 4494 tale
1161 4451 1265 4517 poema
1280 4432 1440 4517 *exciperet
