3160 5170
740 313 953 426 „apa-

287 530 363 595 vidis
393 532 488 616 ipsius
516 528 628 615 gloriae
658 525 853 590 contulissent
876 521 906 607 (1
924 524 1052 613 Paralip.
1069 523 1133 603 XII,
1151 521 1196 607 8).
1242 525 1286 590 De
1310 524 1414 592 Asba-

286 661 360 734 ritis‚
386 658 437 743 qui
460 665 615 740 angustam
640 652 759 740 quidem
786 650 838 715 sed
861 649 1069 716 fertilissimam
1091 654 1180 714 maris
1202 650 1411 716 mediterranei

288 799 370 842 oram
400 775 599 863 occupabant,
634 777 709 841 nihil
744 778 792 840 hic
821 789 1081 853 commemoratur,
1117 778 1174 840 nisi
1203 779 1310 863 opimis
1340 776 1412 840 illos

288 904 397 970 deliciis
425 901 591 980 abundare,
621 905 663 968 ita
691 915 726 966 ut
749 900 872 967 Solomo
903 901 1062 988 cuppedias
1087 901 1306 989 qualescunque
1337 923 1411 966 suas

286 1030 354 1095 inde
389 1039 564 1115 asportaret.
616 1026 875 1116 Naphthalitarum
903 1030 1093 1113 praeconium
1126 1026 1226 1113 paullo
1258 1025 1410 1091 difficilius

285 1159 381 1244 primo
406 1166 527 1241 aspectu
551 1167 681 1240 apparet.
716 1151 792 1216 Nam
806 1155 926 1240 plurimi
941 1155 1114 1238 interpretes
1130 1164 1246 1216 textum
1261 1155 1304 1215 sic
1318 1152 1410 1216 refin-

286 1279 416 1370 gendum
437 1291 559 1365 putant:
590 1275 671 1382 W
694 1283 791 1348 ΜΝ
815 1270 904 1378 ilidii
917 1252 1048 1382 ΠΨΗΨ
1070 1252 1165 1380 Πῌῖς
1188 1255 1318 1380 *bitum
1343 1280 1364 1340 i.
1382 1297 1408 1340 e.

287 1405 468 1494 »Naphthali
502 1417 547 1468 est
581 1402 670 1467 arbor
707 1403 876 1479 surculosa,
913 1401 1001 1466 edens
1032 1424 1132 1466 ramos
1166 1401 1408 1496 pulcritudinis«

288 1534 386 1617 Quum
415 1543 512 1594 tamen
540 1529 670 1615 reliquae
699 1527 795 1592 tribus
825 1550 886 1592 non
909 1549 975 1592 cum
997 1527 1107 1614 plantis
1131 1526 1184 1590 sed
1206 1549 1272 1592 curn
1295 1530 1409 1590 anima-

286 1658 364 1724 libus
389 1668 604 1743 comparentur,
628 1666 760 1740 praestat
782 1665 858 1717 certe
882 1651 1002 1718 eandem
1026 1654 1248 1718 translationem
1264 1654 1313 1716 hic
1330 1673 1409 1740 quo-

287 1807 344 1872 que
373 1793 552 1869 exspectare.
600 1777 746 1862 Quocirca
774 1778 931 1865 legendum
960 1790 1006 1841 est
1028 1754 1140 1883 ³²23&
1172 1792 1201 1843 et
1222 1778 1408 1844 reddendum

286 1912 374 1973 utin
397 1909 532 1971 versione
554 1908 653 1991 posui.
700 1902 776 1968 Nam
799 1926 889 1968 cerva
912 1904 1022 1968 embra
1044 1905 1091 1968 vel
1114 1927 1204 1970 caua
1226 1905 1295 1970 loca
1316 1927 1406 1969 mou·

287 2045 362 2099 tana
390 2032 484 2098 libero
508 2029 592 2116 pede
618 2051 787 2115 permeans
818 2043 885 2116 apte
917 2041 1119 2116 repraesentat
1145 2027 1407 2116 Naphthalitarum

285 2170 405 2234 sortem,
430 2159 482 2243 qui
504 2154 649 2221 Libanum
674 2155 866 2241 occupabant,
889 2153 990 2240 ibique
1012 2154 1228 2242 pbstBaraqui
1251 2144 1407 2220 victoriam

287 2305 401 2350 summa
427 2281 561 2347 libertate
589 2279 773 2345 fruebantur.
819 2280 974 2344 Praeterea
1000 2280 1144 2367 quaedam
1166 2280 1285 2344 bellicae
1307 2280 1405 2346 laudis

286 2409 461 2498 significatio
488 2411 519 2471 in
541 2408 597 2471 hac
618 2407 715 2495 figura
738 2408 882 2470 contineri
903 2416 1012 2492 potast.
1056 2404 1206 2470 Velocitas
1229 2409 1305 2472 enim
1328 2409 1407 2472 inter

285 2535 424 2600 militares
458 2536 653 2621 praestantias
682 2545 825 2596 censetur.
871 2531 915 2595 lta
937 2531 1066 2596 Achilles
1096 2545 1241 2619 perpetuo
1271 2533 1405 2620 epitheto

286 2660 390 2736 πόδας
406 2655 487 2733 ὠκὺς
501 2671 635 2735 vocatur,
660 2671 697 2735 et,
723 2661 748 2721 si
770 2679 873 2722 verum
896 2655 968 2734 vidi,
992 2670 1105 2722 veteres
1120 2657 1248 2735 Etrusci,
1272 2671 1306 2722 ut
1323 2658 1405 2722 Teu·

285 2801 370 2853 tones
393 2786 434 2849 illi
458 2807 480 2848 a·
498 2783 607 2870 quibus
631 2787 690 2847 orti
712 2796 796 2860 sunt,
827 2803 915 2846 suum
944 2804 1052 2847 nomen
1081 2805 1098 2847 a
1127 2783 1271 2848 celeritate
1298 2805 1404 2848 cursus

286 2910 460 2978 derivabant
493 2905 710 2991 (Varronianus
738 2907 794 2972 Ed.
817 2908 866 2971 alt.
888 2931 919 2994 p.
937 2904 1008 2989 69).
1068 2907 1208 2973 Similiter
1242 2912 1274 2972 in
1306 2921 1404 2976 vetere

286 3038 475 3102 Testamento
498 3035 603 3099 heroes
627 3035 668 3097 illi
684 3031 805 3097 Gaditae
822 3033 961 3098 dicuntur
977 3055 1039 3098 esse
1055 3055 1248 3120 ‘caprearum
1264 3038 1358 3100 instar
1372 3038 1404 3099 in

284 3161 435 3229 montibus
451 3160 586 3225 veloces«
610 3155 641 3241 (1
659 3158 786 3246 Paralip.
803 3159 867 3237 XII,
884 3155 928 3242 8).
963 3159 1002 3224 Et
1017 3159 1128 3226 Asahel
1146 3159 1322 3224 describitur
1337 3173 1404 3226 tau-

285 3309 373 3376 quam
395 3307 535 3372 »capreae
557 3286 694 3372 sylvestri
714 3283 824 3371 pedum
842 3286 996 3351 velocitate
1014 3287 1136 3350 similis«
1154 3281 1187 3366 (2
1200 3284 1280 3351 Sam.
1291 3285 1325 3363 ll,
1336 3284 1401 3368 18).

285 3413 451 3496 Quinetiam
474 3416 505 3476 in
529 3413 620 3499 elegia
636 3409 800 3475 Jasharana
823 3408 932 3475 Saulus
956 3425 986 3476 et
1007 3412 1157 3476 donathan
1180 3411 1285 3499 aquilis
1308 3411 1404 3476 levio·

282 3561 330 3605 res
353 3539 444 3603 luisse
466 3536 661 3625 perhibentur
684 3533 717 3619 (2
734 3536 813 3602 Sam.
829 3537 851 3613 l,
869 3532 935 3619 23).
976 3537 1076 3602 Verba
1097 3537 1146 3602 illa
1159 3536 1403 3624 pulchritudinis

283 3665 330 3729 vel
352 3663 524 3750 splendoris
547 3683 622 3749 quae
645 3660 845 3749 Naphtbalitis
864 3662 1038 3728 tribuuntur
1053 3675 1187 3752 spectant
1200 3661 1401 3750 proculdubio

283 3789 322 3854 ad
343 3787 561 3853 nobilissimum
576 3786 650 3852 illud
665 3791 831 3874 epinicium,
856 3811 917 3874 quo
933 3787 1052 3854 Debora
1066 3789 1256 3876 prophetissa
1270 3789 1402 3876 Baraqui

282 3913 491 4002 Naphthalitae
506 3915 659 3979 victoriam
675 3911 840 3978 celebravit.
875 3913 1008 3978 Verbum
1023 3911 1104 4018 ampl
1115 3913 1290 4000 jubilantem
1306 3917 1402 3979 victo·

281 4063 349 4137 rum
372 4040 583 4104 exultationem
604 4051 671 4126 apte
687 4039 850 4105 describere
867 4062 966 4127 posse,
992 4039 1122 4106 ostendit
1136 4064 1199 4105 vox
1215 4031 1311 4145 apli&
1327 4041 1402 4107 tuba

282 4167 329 4231 vel
356 4167 462 4243 lituus,
492 4164 561 4229 inde
591 4164 730 4230 derivata.
784 4166 868 4230 Hanc
897 4165 1110 4232 vocabulorum
1139 4165 1277 4231 lamiliam
1305 4188 1402 4254 nuper

282 4295 409 4356 examini
431 4290 557 4377 subjecit
579 4291 612 4355 F.
628 4291 770 4357 Biittcher
793 4288 910 4376 (Hblem
935 4293 1078 4362 Zeitschr.
1095 4292 1116 4358 s.
1133 4293 1162 4359 d.
1180 4291 1402 4358 Wissensehall

283 4415 335 4480 der
350 4416 481 4504 Sprache
495 4418 541 4496 ΠΙ,
558 4439 610 4504 pp.
631 4417 690 4484 1-
701 4414 766 4499 31).
