3166 5178
679 292 727 362 17

140 521 209 566 nam
232 502 263 565 in
285 502 413 587 priorem
437 502 632 588 scriptionum
655 499 780 566 formam
803 499 963 589 aliquando
987 503 1145 580 intuemur,
1175 501 1264 591 longe

140 626 264 712 majoris
289 645 395 712 operae
419 627 475 690 erit
496 639 526 690 et
548 626 639 692 studii
662 629 693 691 in
715 630 857 692 immensa
879 627 929 692 illa
949 615 1112 692 multorum
1133 628 1265 694 saeculo·

141 773 210 815 rum
245 749 391 838 farragine
421 772 508 838 mam
541 765 625 818 vetus
654 753 877 819 Testamentum
907 752 1112 839 complectitur
1139 775 1220 818 nova
1247 776 1266 817 a

140 879 299 964 primaevis
323 899 474 962 separare,
507 889 537 942 et
560 878 599 942 ad
620 881 686 963 ipsa
709 878 870 967 archetypa
893 877 998 944 redire.
1044 878 1160 944 Etenim
1183 879 1265 942 nulla

139 999 284 1066 hahemus
314 1002 515 1088 autographa,
553 1002 648 1066 nullas
681 1006 890 1090 inscriptiones
920 1006 982 1068 sive
1012 1003 1261 1091 hieroglyphicas,

71 1199 74 1205 ¹
142 1128 206 1190 sive
228 1125 334 1208 litteris
359 1130 563 1214 consignatas,
595 1128 705 1192 nullam
727 1129 974 1216 palaeographiae
996 1132 1160 1206 materiem,
1190 1129 1265 1194 nihil

142 1253 281 1327 omnino,
327 1250 410 1338 quod
446 1252 534 1316 fidem
573 1252 790 1340 diplomaticam
828 1253 989 1320 confirmet.
1046 1253 1126 1318 Heee
1165 1257 1264 1319 omnia

140 1374 259 1440 aliunde
286 1376 414 1462 petenda
437 1390 522 1454 sunt,
553 1378 663 1443 scilicet
685 1377 721 1442 ah
746 1378 903 1466 Aegyptiis
926 1379 974 1442 vel
996 1401 1014 1441 a
1035 1377 1261 1446 Ninevensibus.

139 1499 267 1564 Hebraei
295 1503 353 1587 ipsi
382 1501 454 1568 nihil
477 1503 565 1567 nohis
588 1504 794 1591 reliquerunt,
817 1506 875 1568 nisi
896 1503 976 1568 illam
999 1507 1177 1590 scriptorum
1202 1505 1263 1571 col·

140 1625 311 1703 lectionem,
344 1647 433 1713 quam
456 1650 544 1704 vero,
575 1651 628 1694 nec
659 1632 731 1694 satis
754 1629 916 1706 intellecto,
947 1632 1066 1693 nomine
1089 1629 1260 1707 Mororum,

140 1753 161 1814 i.
179 1773 204 1814 e.
228 1771 339 1816 meram
361 1751 550 1818 traditionem
573 1747 761 1841 appellent¹).
809 1751 959 1835 Quaenam
983 1754 1055 1818 haee
1078 1753 1167 1820 luerit
1190 1757 1262 1820 satis

139 1872 267 1940 dilucide
291 1875 462 1962 explanavit
476 1877 645 1943 Everardus
661 1878 729 1942 Van
752 1877 805 1942 der
818 1878 945 1966 Hooght
965 1882 997 1944 in
1018 1877 1201 1964 praelatione
1224 1879 1263 1944 ad

139 2002 388 2066 accuratissimam
417 2001 496 2065 illam
518 2001 683 2066 Bibliorum
712 2001 869 2068 editionem
895 1999 925 2085 (ἓ
947 1999 1021 2085 Ml:
1052 2002 1195 2069 »Certum
1218 2017 1263 2069 est

139 2127 223 2189 ciros
245 2149 422 2214 syooyoyae
443 2149 576 2214 moqoae
599 2127 733 2214 praeside
756 2124 848 2191 Ezro
870 2126 1032 2205 sacerdote,
1057 2127 1149 2211 juxta
1170 2127 1262 2192 Pare·

140 2262 247 2314 statam
270 2250 440 2316 Nehemiam
463 2264 493 2316 et
507 2251 656 2316 Primores
672 2251 827 2339 Sapientes
851 2251 956 2338 populi
979 2264 1050 2338 post
1066 2251 1152 2318 LXX
1168 2275 1261 2319 anno·

139 2395 207 2440 rum
236 2375 357 2440 exilium
387 2397 527 2442 eoronam
557 2377 630 2464 legis
659 2379 690 2442 in
718 2380 876 2464 pristinum
901 2389 1010 2442 statum
1033 2377 1201 2456 reduxisse,
1233 2390 1262 2443 et

141 2498 261 2564 Sacram
281 2499 466 2586 Scripturam
489 2500 872 2587 aPseudoprophetarum‚
899 2514 928 2565 et
943 2501 1069 2566 aliorum
1085 2502 1261 2588 corruptelis

140 2647 333 2712 repurgasse3
365 2638 453 2712 atque
482 2627 551 2690 hine
575 2624 767 2690 Talmudicos
785 2626 854 2710 jure
876 2629 981 2690 merito
1006 2629 1173 2711 scripsisse:
1202 2627 1262 2690 olm

138 2771 315 2837 eyaapoyae
349 2773 482 2836 mappae
514 2753 712 2816 restituerunt
739 2751 1002 2840 moyoificeotiom
1028 2752 1063 2814 c'o
1091 2751 1261 2836 pristim

138 2885 259 2940 statmo.
306 2875 402 2940 Desiit
428 2875 487 2940 hoc
514 2874 693 2964 Synagogae
723 2897 846 2963 magnae
877 2875 1033 2940 concilium
1061 2877 1092 2938 in
1122 2873 1260 2941 Simeone

137 2998 242 3076 lusto,
268 3002 320 3086 qui
343 3000 463 3064 ohviam
485 3001 626 3086 prodiens
642 2999 815 3066 Alexandro
838 3000 967 3087 Magno,
992 3000 1057 3084 ejus
1081 3000 1260 3064 clementiam

138 3126 322 3210 impetravit,
354 3147 432 3190 anno
463 3124 499 3188 ah
528 3139 680 3192 exstructo
703 3125 814 3212 templo
837 3125 926 3190 XLll.
973 3124 1138 3212 Permagna
1160 3127 1260 3210 itaque

138 3248 220 3334 apud
234 3247 386 3314 Hebraeos
402 3248 459 3314 fuit
474 3254 634 3316 auctoritas
651 3252 742 3337 hujus
759 3248 893 3328 Concilii,
919 3250 1004 3335 cujus
1019 3248 1151 3314 membra
1165 3272 1260 3314 annos

136 3372 217 3437 ultra
238 3373 294 3438 XL
317 3378 557 3460 supervixerunt.
598 3375 729 3440 Moooro
752 3376 823 3440 haec
847 3374 884 3439 ab
907 3375 985 3439 Ezra
1008 3375 1159 3440 sacerdote
1184 3387 1259 3450 orta,

135 3519 191 3585 per
221 3519 405 3565 successores
434 3499 572 3587 pluribus
602 3499 748 3566 aetatibus
778 3496 879 3564 studio
906 3500 1103 3586 plurimorum
1126 3501 1260 3562 virorum

136 3623 220 3688 haud
244 3624 406 3712 vulgariter
428 3623 600 3702 doctorum,
628 3628 799 3690 continuata
821 3623 879 3688 fuit
900 3645 997 3710 usque
1020 3623 1058 3687 ad
1081 3623 1260 3688 horrendam

136 3746 362 3835 Hierosolymae
385 3751 510 3812 ruinam.
548 3748 626 3832 Quin
644 3753 746 3827 etiam,
770 3761 842 3835 post
859 3752 944 3814 istius
961 3770 1015 3836 per
1031 3749 1134 3812 Titum
1145 3749 1261 3836 Vespa-

137 3875 254 3938 sianum
278 3873 440 3950 excidium,
465 3877 495 3938 in
518 3887 596 3939 terra
610 3876 724 3939 Israelis
742 3873 868 3938 Scholac
884 3887 913 3938 et
927 3874 1072 3938 Ecclesiae
1089 3877 1119 3938 in
1135 3873 1260 3961 quihus·

138 3996 206 4062 dam
233 3998 306 4063 loeis
334 3999 477 4086 paulatim
506 4012 578 4064 sunt
599 4013 790 4065 restauratae.
836 3999 915 4064 Inter
938 4021 986 4063 eas
1009 4011 1200 4063 recensentur
1222 3995 1259 4061 oh

214 4194 233 4259 ¹)
259 4190 338 4256 Quam
357 4191 432 4262 plena
451 4193 503 4246 sint
520 4193 639 4248 vanitatis
662 4210 690 4247 ea
710 4209 774 4263 quaa
793 4191 824 4245 de
844 4192 930 4246 divina
947 4191 1176 4245 Masorethicorum
1196 4190 1259 4245 scri·-

137 4289 227 4344 harom
246 4291 396 4346 auctoritate
415 4290 552 4346 traduntur
570 4291 658 4346 videas
679 4289 739 4346 licet
757 4308 788 4346 ex
806 4289 873 4346 libro
893 4289 1039 4362 apocrypho
1058 4287 1075 4340 l
1093 4287 1169 4344 Esdr.
1184 4285 1259 4354 xlv,

137 4383 172 4440 39
186 4405 243 4459 sqq.

1026 4492 1044 4548 2
