3172 5186
838 377 914 451 344

316 589 381 659 Iam
404 609 475 656 vero
505 592 616 677 optime
644 600 745 654 monet
766 585 926 653 Lowthius
950 580 999 669 (de
1022 609 1105 654 saera
1127 591 1214 676 poesi
1236 585 1443 654 Hebraeorum

316 741 348 805 p.
364 709 436 799 56):
459 721 555 822 ηᾛΡτ
568 718 656 804 ltin,
674 712 754 802 sero
769 711 940 795 enecante,
960 725 1005 778 est
1019 712 1200 800 periphrasis
1217 713 1322 796 teonis,
1347 735 1443 801 eaque

317 843 434 908 minime
465 839 592 904 obscura
620 841 645 903 si
668 839 732 925 ejus
756 840 900 902 rationem
924 836 1111 902 attendimus.
1158 835 1273 903 Leones
1296 841 1329 902 in
1351 859 1443 902 arun·

319 966 424 1032 diaetis
440 967 566 1029 maxime
581 964 676 1030 lustra
692 961 800 1027 babere
816 961 920 1026 solent.
951 961 1098 1026 Ammian.
1111 961 1273 1027 Marcellin.
1285 961 1391 1040 XVIII,
1406 961 1441 1027 7:

318 1093 398 1157 inter
421 1090 609 1155 arundineta
622 1088 869 1174 Mesopotamiae
883 1082 1054 1176 flanninnen
1071 1096 1101 1151 et
1113 1085 1255 1174 fructecta
1269 1087 1372 1152 leones
1385 1109 1441 1152 ca-

315 1225 432 1304 yontan·
453 1215 616 1280 innumeri.
649 1211 683 1278 Id
706 1212 780 1277 adeo
804 1211 944 1276 familiare
968 1225 1030 1276 erat
1052 1211 1213 1289 Arabibus,
1238 1224 1272 1275 ut
1294 1212 1442 1298 peculiare

318 1339 447 1406 habeant
469 1338 647 1404 vocabulum
669 1361 725 1424 pro
749 1339 843 1403 leonis
866 1338 962 1403 lustro
987 1358 1079 1425 quum
1102 1340 1132 1400 in
1147 1336 1324 1401 arundiueto
1341 1336 1440 1402 cubat

318 1464 458 1530 Bocbart.
474 1463 594 1530 Hieroz.
611 1485 675 1550 par.
692 1464 717 1539 Ι,
743 1462 793 1527 lib.
810 1463 856 1526 111.
879 1485 903 1526 c.
920 1463 950 1527 2.
986 1461 1059 1526 Erat
1080 1474 1177 1526 autem
1193 1460 1337 1526 Iordanes
1356 1483 1443 1548 prae-

320 1591 405 1678 cipue
427 1587 552 1654 infestus
574 1587 722 1664 leonibus,
750 1591 802 1675 qui
825 1591 855 1652 in
880 1587 978 1652 densis
1000 1590 1132 1673 riparum
1155 1585 1352 1652 arundinibus
1374 1586 1442 1650 lati·

319 1713 431 1781 tabant.
478 1714 585 1778 Joann.
601 1713 728 1778 Pboeas.
744 1712 846 1776 Descr.
863 1712 933 1778 Loc.
951 1711 1051 1777 Sanet.
1076 1734 1100 1775 c.
1116 1711 1222 1776 XXIII.
1253 1711 1331 1775 Vide
1354 1713 1441 1775 etiam

318 1839 496 1907 Maundrell.
519 1839 587 1902 Itiu.
625 1837 826 1925 Hieronymus
847 1836 948 1902 itidem
971 1831 1022 1919 (ad
1036 1836 1124 1900 Zeoh.
1141 1833 1198 1914 XI,
1216 1831 1265 1917 3):
1294 1834 1440 1918 Jordan,

320 1968 432 2053 inquit,
448 1960 560 2054 fluvio,
585 1963 640 2050 qni
660 1964 815 2028 mocinius
836 1963 869 2027 in
885 1961 1011 2027 Jndoea
1026 1972 1083 2044 eet,
1099 1964 1196 2046 jueta
1210 1983 1301 2052 quern
1315 1981 1442 2026 mnan·

320 2099 371 2156 tn
393 2089 503 2171 leoreee,
520 2085 686 2174 frencitcem
699 2088 810 2172 ynneit
830 2088 967 2170 ieonum,
993 2096 1127 2173 prepter
1149 2085 1293 2150 ardorem
1315 2087 1389 2170 aitis,
1414 2095 1444 2151 et

321 2214 359 2280 ob
382 2212 494 2277 deseri
514 2212 660 2276 vinniano
664 2261 675 2295 ,
708 2222 738 2277 et
758 2212 952 2277 latitudinem
973 2223 1078 2277 coctae
1100 2211 1273 2276 solitudinis
1296 2221 1325 2275 et
1345 2233 1442 2275 arnn-

321 2337 426 2405 dinetc
449 2347 479 2402 et
500 2347 630 2402 carecto.
673 2336 750 2401 Hine
773 2337 854 2423 apud
874 2336 1029 2402 Jeremiam
1044 2335 1095 2413 IV,
1113 2335 1131 2402 7
1155 2335 1201 2400 leo
1226 2336 1311 2401 coire
1333 2334 1443 2400 dieitur

320 2455 468 2557 ἵὶᾉφᾨ,
504 2483 540 2525 ex
575 2462 670 2526 inane
699 2484 754 2525 sno
785 2461 957 2548 perpien05
993 2473 1022 2524 et
1047 2460 1161 2537 XLIX,
1187 2459 1243 2537 19,
1277 2460 1442 2526 oscendere

321 2557 426 2694 ῘΤῚᾞ
465 2577 570 2687 ticcam
610 2607 647 2650 ex
684 2587 855 2651 laomedonte
888 2583 1059 2650 terdone«
1115 2589 1170 2648 Per
1204 2593 1311 2649 taneos
1344 2597 1443 2649 autam

321 2707 517 2808 (Εῆᾗξῒς),
554 2711 663 2776 scilicet
682 2710 809 2800 seroces
835 2711 905 2775 ilios
935 2709 1131 2774 Basanitidie
1158 2708 1288 2797 buffeloe
1317 2703 1441 2791 (Psalm.
1560 2776 1562 2780 ,

321 2836 420 2915 XXII,
441 2832 504 2918 13),
529 2857 595 2900 cum
609 2835 836 2900 Rosenmiillero
860 2833 991 2922 intelligo
1010 2835 1111 2917 doces,
1136 2855 1188 2921 per
1210 2833 1321 2898 oitnloe
1335 2855 1443 2920 pope·

321 2961 423 3028 tonan
446 2956 563 3055 (Uibii
587 2936 691 3066 ³¹7le
715 2961 846 3047 intelligo
875 2959 986 3024 milites
1007 2960 1249 3045 peregrinantia
1272 2960 1441 3024 nationem.

320 3085 361 3151 lit
394 3106 486 3172 quum
520 3085 622 3150 leones
651 3085 689 3148 ad
719 3083 838 3172 Syriam
867 3097 998 3170 spectare
1026 3083 1197 3162 videantur,
1235 3084 1319 3149 torni
1345 3095 1443 3150 autem

322 3209 361 3276 ad
393 3211 549 3297 proximos
584 3208 835 3296 transjordanicae
871 3212 1002 3297 regionis
1037 3231 1175 3297 campos,
1214 3222 1289 3296 puto
1322 3221 1444 3296 poetam

321 3349 457 3401 nostrum
480 3334 582 3400 bellica
604 3334 733 3422 pericula
757 3334 824 3399 inde
847 3337 1026 3400 Inminentia
1046 3334 1224 3422 prendisse.
1258 3333 1334 3398 Nam
1350 3355 1444 3422 quum

321 3459 452 3528 Davides
475 3461 579 3525 ultimo
604 3460 687 3548 quod
709 3451 830 3549 gerebat
844 3459 921 3526 bello
939 3463 1010 3524 istas
1026 3462 1161 3524 nationes
1179 3458 1348 3536 devicisset,
1372 3471 1445 3545 post

322 3585 515 3654 Solomonem
543 3598 641 3651 autem
668 3586 727 3652 fere
750 3599 893 3674 perpetua
917 3597 1014 3651 essent
1035 3585 1173 3651 Israelitis
1197 3606 1263 3649 cum
1285 3584 1442 3664 Idumaeis,

322 3711 425 3800 Syris,
454 3710 655 3798 Moabitisque
679 3707 734 3792 (cl.
757 3708 772 3776 1
790 3710 865 3799 Reg.
881 3709 938 3788 XI,
959 3707 1015 3788 14,
1039 3709 1097 3787 23,
1129 3710 1149 3775 2
1168 3710 1244 3797 Reg.
1266 3709 1294 3785 l,
1315 3709 1366 3787 III,
1383 3705 1442 3794 Vl)

321 3837 459 3915 hostilia,
483 3837 557 3900 nibil
567 3825 684 3900 'melius
707 3858 762 3922 pro
781 3835 882 3901 futura
896 3837 980 3924 regui
996 3836 1090 3900 salute
1105 3838 1218 3922 precari
1233 3838 1335 3923 potuit
1349 3847 1442 3914 vates,

323 3984 411 4052 quam
434 3975 469 4026 ut
484 3961 564 4027 Deus
587 3963 764 4048 increparet
784 3962 831 4026 vel
855 3971 1058 4048 conmesceret
1078 3961 1134 4026 hos
1153 3982 1276 4048 magnae
1293 3964 1442 4047 potentiae

323 4101 353 4153 et
375 4086 481 4152 infensi
505 4089 593 4152 animi
615 4087 763 4174 populos,
795 4089 847 4175 qui
868 4085 946 4154 bella
969 4085 1144 4175 diligebant,
1174 4089 1216 4150 ita
1238 4098 1272 4150 ut
1295 4087 1443 4174 supplices

323 4237 389 4280 cunr
418 4213 553 4279 massulis
585 4215 698 4303 argenti
727 4211 765 4278 ad
793 4211 906 4278 tributa
934 4211 1090 4300 pendenda
1119 4214 1260 4277 venirent,
1308 4209 1443 4276 Seriores

322 4339 500 4428 prophetae,
526 4342 578 4428 qui
598 4339 669 4404 baec
690 4338 766 4403 mala
780 4360 842 4403 non
858 4349 982 4404 ventura
997 4335 1185 4416 verebantur,
1210 4337 1262 4404 sed
1277 4339 1445 4423 praesentia

322 4463 479 4552 lugebant,
509 4465 609 4532 eadem
637 4467 763 4554 imagine
793 4463 831 4532 ad
856 4463 959 4534 hostes
983 4463 1186 4554 depingendus
1210 4474 1345 4532 utuntur.
1393 4459 1445 4528 Sic
