<?xml version="1.0" encoding="UTF-8"?>
<!DOCTYPE html PUBLIC "-//W3C//DTD XHTML 1.0 Transitional//EN"
    "http://www.w3.org/TR/xhtml1/DTD/xhtml1-transitional.dtd">
<html xmlns="http://www.w3.org/1999/xhtml" xml:lang="en" lang="en">
 <head>
  <title>
</title>
<meta http-equiv="Content-Type" content="text/html;charset=utf-8" />
  <meta name='ocr-system' content='tesseract 3.04.00' />
  <meta name='ocr-capabilities' content='ocr_page ocr_carea ocr_par ocr_line ocrx_word'/>
</head>
<body>
  <div class='ocr_page' id='page_1' title='image "./jasharfragmenta00donagoog_0411.png"; bbox 0 0 3172 5186; ppageno 0'>
   <div class='ocr_carea' id='block_1_1' title="bbox 831 349 908 426">
    <p class='ocr_par' dir='ltr' id='par_1_1' title="bbox 831 349 908 426">
     <span class='ocr_line' id='line_1_1' title="bbox 831 349 908 426; baseline -0.026 0"><span class='ocrx_word' id='word_1_1' title='bbox 831 349 908 426; x_wconf 86' lang='grc'><strong>374</strong></span> 
     </span>
    </p>
   </div>
   <div class='ocr_carea' id='block_1_2' title="bbox 764 445 973 474">
    <p class='ocr_par' dir='ltr' id='par_1_2' title="bbox 764 445 973 474">
     <span class='ocr_line' id='line_1_2' title="bbox 764 445 973 474; baseline 0 -12"><span class='ocrx_word' id='word_1_2' title='bbox 764 445 973 474; x_wconf 52' lang='lat'><strong>⁴——</strong></span> 
     </span>
    </p>
   </div>
   <div class='ocr_carea' id='block_1_3' title="bbox 312 552 1501 2025">
    <p class='ocr_par' dir='ltr' id='par_1_3' title="bbox 312 552 1501 2025">
     <span class='ocr_line' id='line_1_3' title="bbox 315 552 1426 658; baseline 0.005 -32"><span class='ocrx_word' id='word_1_3' title='bbox 315 559 358 626; x_wconf 86' lang='lat' dir='ltr'><strong>als</strong></span> <span class='ocrx_word' id='word_1_4' title='bbox 373 557 485 626; x_wconf 83' lang='lat' dir='ltr'><strong>Urvollr</strong></span> <span class='ocrx_word' id='word_1_5' title='bbox 508 552 598 656; x_wconf 55' lang='lat' dir='ltr'><strong>(mlh</strong></span> <span class='ocrx_word' id='word_1_6' title='bbox 612 553 756 658; x_wconf 50' lang='grc' dir='ltr'><strong>Νη)</strong></span> <span class='ocrx_word' id='word_1_7' title='bbox 779 575 909 650; x_wconf 83' lang='lat' dir='ltr'><strong>genennt</strong></span> <span class='ocrx_word' id='word_1_8' title='bbox 923 565 962 628; x_wconf 88' lang='lat' dir='ltr'><strong>ist</strong></span> <span class='ocrx_word' id='word_1_9' title='bbox 984 558 1212 644; x_wconf 78' lang='lat' dir='ltr'><strong>(NmnXXlV,</strong></span> <span class='ocrx_word' id='word_1_10' title='bbox 1229 561 1312 646; x_wconf 78' lang='grc' dir='ltr'><strong>20).ι</strong></span> <span class='ocrx_word' id='word_1_11' title='bbox 1340 563 1426 632; x_wconf 90' lang='lat' dir='ltr'><strong>Unde</strong></span> 
     </span>
     <span class='ocr_line' id='line_1_4' title="bbox 314 685 1425 776; baseline 0.005 -26"><span class='ocrx_word' id='word_1_12' title='bbox 314 685 509 774; x_wconf 78' lang='lat' dir='ltr'><strong>intelligamus</strong></span> <span class='ocrx_word' id='word_1_13' title='bbox 532 687 599 752; x_wconf 88' lang='lat' dir='ltr'><strong>lieet</strong></span> <span class='ocrx_word' id='word_1_14' title='bbox 612 686 651 752; x_wconf 96' lang='lat' dir='ltr'><strong>ad</strong></span> <span class='ocrx_word' id='word_1_15' title='bbox 673 691 791 776; x_wconf 78' lang='lat' dir='ltr'><strong>impiam</strong></span> <span class='ocrx_word' id='word_1_16' title='bbox 815 687 892 752; x_wconf 88' lang='lat' dir='ltr'><strong>illam</strong></span> <span class='ocrx_word' id='word_1_17' title='bbox 910 687 1104 775; x_wconf 89' lang='lat' dir='ltr'><strong>agricolarum</strong></span> <span class='ocrx_word' id='word_1_18' title='bbox 1119 691 1239 776; x_wconf 79' lang='lat' dir='ltr'><strong>stirpem</strong></span> <span class='ocrx_word' id='word_1_19' title='bbox 1255 688 1425 756; x_wconf 81' lang='lat' dir='ltr'><strong>referendos</strong></span> 
     </span>
     <span class='ocr_line' id='line_1_5' title="bbox 314 809 1426 904; baseline 0.004 -29"><span class='ocrx_word' id='word_1_20' title='bbox 314 831 377 876; x_wconf 88' lang='lat' dir='ltr'><strong>esse</strong></span> <span class='ocrx_word' id='word_1_21' title='bbox 398 832 459 876; x_wconf 88' lang='lat' dir='ltr'><strong>non</strong></span> <span class='ocrx_word' id='word_1_22' title='bbox 481 809 570 876; x_wconf 92' lang='lat' dir='ltr'><strong>modo</strong></span> <span class='ocrx_word' id='word_1_23' title='bbox 594 825 752 899; x_wconf 80' lang='lat' dir='ltr'><strong>corruptos</strong></span> <span class='ocrx_word' id='word_1_24' title='bbox 774 811 953 900; x_wconf 84' lang='lat' dir='ltr'><strong>oppidorum</strong></span> <span class='ocrx_word' id='word_1_25' title='bbox 969 813 1090 888; x_wconf 80' lang='lat' dir='ltr'><strong>incolas,</strong></span> <span class='ocrx_word' id='word_1_26' title='bbox 1114 818 1318 880; x_wconf 86' lang='lat' dir='ltr'><strong>verumetiam</strong></span> <span class='ocrx_word' id='word_1_27' title='bbox 1337 834 1426 904; x_wconf 78' lang='lat' dir='ltr'><strong>rago·</strong></span> 
     </span>
     <span class='ocr_line' id='line_1_6' title="bbox 312 933 1501 1034; baseline 0.004 -34"><span class='ocrx_word' id='word_1_28' title='bbox 312 933 443 1001; x_wconf 88' lang='lat' dir='ltr'><strong>bundam</strong></span> <span class='ocrx_word' id='word_1_29' title='bbox 462 936 610 1001; x_wconf 86' lang='lat' dir='ltr'><strong>latronum</strong></span> <span class='ocrx_word' id='word_1_30' title='bbox 629 939 822 1024; x_wconf 79' lang='lat' dir='ltr'><strong>propaginem</strong></span> <span class='ocrx_word' id='word_1_31' title='bbox 838 937 938 1024; x_wconf 82' lang='lat' dir='ltr'><strong>qualos</strong></span> <span class='ocrx_word' id='word_1_32' title='bbox 953 937 1073 1004; x_wconf 86' lang='lat' dir='ltr'><strong>luerunt</strong></span> <span class='ocrx_word' id='word_1_33' title='bbox 1086 937 1299 1026; x_wconf 86' lang='lat' dir='ltr'><strong>Amalequitae.</strong></span> <span class='ocrx_word' id='word_1_34' title='bbox 1325 938 1424 1023; x_wconf 82' lang='lat' dir='ltr'><strong>Quum</strong></span> <span class='ocrx_word' id='word_1_35' title='bbox 1494 1023 1501 1034; x_wconf 35' lang='lat'><strong>·</strong></span> 
     </span>
     <span class='ocr_line' id='line_1_7' title="bbox 314 1061 1423 1149; baseline 0.002 -23"><span class='ocrx_word' id='word_1_36' title='bbox 314 1073 409 1127; x_wconf 88' lang='lat' dir='ltr'><strong>tamen</strong></span> <span class='ocrx_word' id='word_1_37' title='bbox 432 1063 585 1149; x_wconf 86' lang='lat' dir='ltr'><strong>oppositio</strong></span> <span class='ocrx_word' id='word_1_38' title='bbox 608 1061 666 1138; x_wconf 84' lang='lat' dir='ltr'><strong>illa,</strong></span> <span class='ocrx_word' id='word_1_39' title='bbox 690 1083 765 1149; x_wconf 93' lang='lat' dir='ltr'><strong>quae</strong></span> <span class='ocrx_word' id='word_1_40' title='bbox 786 1065 863 1127; x_wconf 89' lang='lat' dir='ltr'><strong>inter</strong></span> <span class='ocrx_word' id='word_1_41' title='bbox 879 1061 1024 1145; x_wconf 80' lang='lat' dir='ltr'><strong>Quainum</strong></span> <span class='ocrx_word' id='word_1_42' title='bbox 1042 1075 1072 1128; x_wconf 90' lang='lat' dir='ltr'><strong>ot</strong></span> <span class='ocrx_word' id='word_1_43' title='bbox 1090 1061 1234 1129; x_wconf 86' lang='lat' dir='ltr'><strong>Hahelum</strong></span> <span class='ocrx_word' id='word_1_44' title='bbox 1249 1066 1423 1141; x_wconf 83' lang='lat' dir='ltr'><strong>intercessit,</strong></span> 
     </span>
     <span class='ocr_line' id='line_1_8' title="bbox 313 1184 1424 1273; baseline 0.004 -23"><span class='ocrx_word' id='word_1_45' title='bbox 313 1187 343 1251; x_wconf 90' lang='lat' dir='ltr'><strong>in</strong></span> <span class='ocrx_word' id='word_1_46' title='bbox 366 1185 457 1250; x_wconf 86' lang='lat' dir='ltr'><strong>altero</strong></span> <span class='ocrx_word' id='word_1_47' title='bbox 471 1184 595 1252; x_wconf 83' lang='lat' dir='ltr'><strong>fratrum</strong></span> <span class='ocrx_word' id='word_1_48' title='bbox 617 1188 692 1273; x_wconf 86' lang='lat' dir='ltr'><strong>pari,</strong></span> <span class='ocrx_word' id='word_1_49' title='bbox 708 1185 797 1252; x_wconf 82' lang='lat' dir='ltr'><strong>Esari</strong></span> <span class='ocrx_word' id='word_1_50' title='bbox 818 1187 926 1253; x_wconf 87' lang='lat' dir='ltr'><strong>seilicet</strong></span> <span class='ocrx_word' id='word_1_51' title='bbox 940 1200 969 1253; x_wconf 94' lang='lat' dir='ltr'><strong>et</strong></span> <span class='ocrx_word' id='word_1_52' title='bbox 982 1186 1096 1264; x_wconf 83' lang='lat' dir='ltr'><strong>Jacohi,</strong></span> <span class='ocrx_word' id='word_1_53' title='bbox 1112 1201 1252 1266; x_wconf 83' lang='lat' dir='ltr'><strong>recurrat,</strong></span> <span class='ocrx_word' id='word_1_54' title='bbox 1274 1189 1424 1255; x_wconf 85' lang='lat' dir='ltr'><strong>secundus</strong></span> 
     </span>
     <span class='ocr_line' id='line_1_9' title="bbox 312 1307 1426 1393; baseline 0.004 -18"><span class='ocrx_word' id='word_1_55' title='bbox 312 1310 360 1376; x_wconf 89' lang='lat' dir='ltr'><strong>illo</strong></span> <span class='ocrx_word' id='word_1_56' title='bbox 384 1309 493 1393; x_wconf 81' lang='lat' dir='ltr'><strong>Quoia,</strong></span> <span class='ocrx_word' id='word_1_57' title='bbox 518 1307 587 1376; x_wconf 81' lang='lat' dir='ltr'><strong>sire</strong></span> <span class='ocrx_word' id='word_1_58' title='bbox 608 1314 634 1375; x_wconf 89' lang='lat' dir='ltr'><strong>is</strong></span> <span class='ocrx_word' id='word_1_59' title='bbox 652 1311 786 1389; x_wconf 83' lang='lat' dir='ltr'><strong>llsavus,</strong></span> <span class='ocrx_word' id='word_1_60' title='bbox 809 1314 871 1376; x_wconf 83' lang='lat' dir='ltr'><strong>sive</strong></span> <span class='ocrx_word' id='word_1_61' title='bbox 893 1311 1005 1388; x_wconf 84' lang='lat' dir='ltr'><strong>Edem,</strong></span> <span class='ocrx_word' id='word_1_62' title='bbox 1035 1316 1098 1378; x_wconf 86' lang='lat' dir='ltr'><strong>sive</strong></span> <span class='ocrx_word' id='word_1_63' title='bbox 1118 1313 1282 1378; x_wconf 73' lang='lat' dir='ltr'><strong>Lamachus</strong></span> <span class='ocrx_word' id='word_1_64' title='bbox 1309 1335 1426 1380; x_wconf 88' lang='lat' dir='ltr'><strong>nuncu·</strong></span> 
     </span>
     <span class='ocr_line' id='line_1_10' title="bbox 312 1434 1424 1527; baseline 0.002 -26"><span class='ocrx_word' id='word_1_65' title='bbox 312 1448 411 1523; x_wconf 77' lang='lat' dir='ltr'><strong>pater,</strong></span> <span class='ocrx_word' id='word_1_66' title='bbox 428 1457 489 1502; x_wconf 90' lang='lat' dir='ltr'><strong>non</strong></span> <span class='ocrx_word' id='word_1_67' title='bbox 510 1435 600 1501; x_wconf 89' lang='lat' dir='ltr'><strong>ruodo</strong></span> <span class='ocrx_word' id='word_1_68' title='bbox 616 1439 712 1502; x_wconf 88' lang='lat' dir='ltr'><strong>varias</strong></span> <span class='ocrx_word' id='word_1_69' title='bbox 736 1436 879 1502; x_wconf 82' lang='lat' dir='ltr'><strong>artificum</strong></span> <span class='ocrx_word' id='word_1_70' title='bbox 893 1434 1016 1502; x_wconf 82' lang='lat' dir='ltr'><strong>familias</strong></span> <span class='ocrx_word' id='word_1_71' title='bbox 1033 1439 1137 1526; x_wconf 81' lang='lat' dir='ltr'><strong>gignit,</strong></span> <span class='ocrx_word' id='word_1_72' title='bbox 1154 1437 1207 1502; x_wconf 85' lang='lat' dir='ltr'><strong>aed</strong></span> <span class='ocrx_word' id='word_1_73' title='bbox 1221 1437 1424 1527; x_wconf 81' lang='lat' dir='ltr'><strong>Amalequitas</strong></span> 
     </span>
     <span class='ocr_line' id='line_1_11' title="bbox 313 1559 1425 1652; baseline 0.004 -28"><span class='ocrx_word' id='word_1_74' title='bbox 313 1562 399 1626; x_wconf 78' lang='lat' dir='ltr'><strong>edam</strong></span> <span class='ocrx_word' id='word_1_75' title='bbox 421 1564 506 1649; x_wconf 87' lang='lat' dir='ltr'><strong>quasi</strong></span> <span class='ocrx_word' id='word_1_76' title='bbox 529 1565 659 1648; x_wconf 87' lang='lat' dir='ltr'><strong>spuriam</strong></span> <span class='ocrx_word' id='word_1_77' title='bbox 683 1559 816 1628; x_wconf 83' lang='lat' dir='ltr'><strong>subolem</strong></span> <span class='ocrx_word' id='word_1_78' title='bbox 839 1563 916 1652; x_wconf 85' lang='lat' dir='ltr'><strong>inter</strong></span> <span class='ocrx_word' id='word_1_79' title='bbox 937 1583 1013 1644; x_wconf 86' lang='lat' dir='ltr'><strong>suns</strong></span> <span class='ocrx_word' id='word_1_80' title='bbox 1038 1574 1124 1628; x_wconf 84' lang='lat' dir='ltr'><strong>natos</strong></span> <span class='ocrx_word' id='word_1_81' title='bbox 1147 1575 1291 1628; x_wconf 86' lang='lat' dir='ltr'><strong>numerat.</strong></span> <span class='ocrx_word' id='word_1_82' title='bbox 1330 1563 1425 1649; x_wconf 81' lang='lat' dir='ltr'><strong>Quin·</strong></span> 
     </span>
     <span class='ocr_line' id='line_1_12' title="bbox 313 1685 1424 1777; baseline 0.003 -27"><span class='ocrx_word' id='word_1_83' title='bbox 313 1687 409 1763; x_wconf 78' lang='lat' dir='ltr'><strong>edam,</strong></span> <span class='ocrx_word' id='word_1_84' title='bbox 434 1698 468 1752; x_wconf 91' lang='lat' dir='ltr'><strong>ut</strong></span> <span class='ocrx_word' id='word_1_85' title='bbox 488 1707 596 1758; x_wconf 86' lang='lat' dir='ltr'><strong>nornen</strong></span> <span class='ocrx_word' id='word_1_86' title='bbox 611 1685 748 1752; x_wconf 88' lang='lat' dir='ltr'><strong>Lamechi</strong></span> <span class='ocrx_word' id='word_1_87' title='bbox 770 1686 923 1777; x_wconf 89' lang='lat' dir='ltr'><strong>significat,</strong></span> <span class='ocrx_word' id='word_1_88' title='bbox 942 1686 1132 1754; x_wconf 86' lang='lat' dir='ltr'><strong>confunditur</strong></span> <span class='ocrx_word' id='word_1_89' title='bbox 1153 1688 1201 1752; x_wconf 92' lang='lat' dir='ltr'><strong>ille</strong></span> <span class='ocrx_word' id='word_1_90' title='bbox 1217 1687 1335 1776; x_wconf 88' lang='lat' dir='ltr'><strong>quidem</strong></span> <span class='ocrx_word' id='word_1_91' title='bbox 1358 1709 1424 1753; x_wconf 90' lang='lat' dir='ltr'><strong>cum</strong></span> 
     </span>
     <span class='ocr_line' id='line_1_13' title="bbox 315 1809 1424 1902; baseline 0.002 -26"><span class='ocrx_word' id='word_1_92' title='bbox 315 1809 432 1876; x_wconf 82' lang='lat' dir='ltr'><strong>Graecis</strong></span> <span class='ocrx_word' id='word_1_93' title='bbox 455 1813 490 1876; x_wconf 90' lang='lat' dir='ltr'><strong>iis</strong></span> <span class='ocrx_word' id='word_1_94' title='bbox 512 1811 678 1878; x_wconf 84' lang='lat' dir='ltr'><strong>latronibus</strong></span> <span class='ocrx_word' id='word_1_95' title='bbox 701 1825 731 1877; x_wconf 90' lang='lat' dir='ltr'><strong>et</strong></span> <span class='ocrx_word' id='word_1_96' title='bbox 752 1815 936 1878; x_wconf 84' lang='lat' dir='ltr'><strong>mercenariis</strong></span> <span class='ocrx_word' id='word_1_97' title='bbox 959 1811 1117 1891; x_wconf 77' lang='lat' dir='ltr'><strong>militibus,</strong></span> <span class='ocrx_word' id='word_1_98' title='bbox 1139 1816 1192 1902; x_wconf 87' lang='lat' dir='ltr'><strong>qui</strong></span> <span class='ocrx_word' id='word_1_99' title='bbox 1220 1813 1424 1880; x_wconf 84' lang='lat' dir='ltr'><strong>mediterranei</strong></span> 
     </span>
     <span class='ocr_line' id='line_1_14' title="bbox 313 1935 763 2025; baseline 0 -23"><span class='ocrx_word' id='word_1_100' title='bbox 313 1939 400 2002; x_wconf 81' lang='lat' dir='ltr'><strong>uaris</strong></span> <span class='ocrx_word' id='word_1_101' title='bbox 425 1959 506 2002; x_wconf 89' lang='lat' dir='ltr'><strong>oram</strong></span> <span class='ocrx_word' id='word_1_102' title='bbox 528 1935 763 2025; x_wconf 72' lang='lat' dir='ltr'><strong>frequentabant.</strong></span> 
     </span>
    </p>
   </div>
   <div class='ocr_carea' id='block_1_4' title="bbox 402 2015 1425 2150">
    <p class='ocr_par' dir='ltr' id='par_1_4' title="bbox 402 2015 1425 2150">
     <span class='ocr_line' id='line_1_15' title="bbox 402 2015 1425 2150; baseline 0.003 -25"><span class='ocrx_word' id='word_1_103' title='bbox 402 2059 491 2145; x_wconf 83' lang='lat' dir='ltr'><strong>Quod</strong></span> <span class='ocrx_word' id='word_1_104' title='bbox 513 2064 538 2126; x_wconf 90' lang='lat' dir='ltr'><strong>si</strong></span> <span class='ocrx_word' id='word_1_105' title='bbox 560 2065 675 2150; x_wconf 89' lang='lat' dir='ltr'><strong>generis</strong></span> <span class='ocrx_word' id='word_1_106' title='bbox 698 2063 818 2128; x_wconf 89' lang='lat' dir='ltr'><strong>hnmani</strong></span> <span class='ocrx_word' id='word_1_107' title='bbox 834 2060 989 2127; x_wconf 87' lang='lat' dir='ltr'><strong>delineatio</strong></span> <span class='ocrx_word' id='word_1_108' title='bbox 1005 2083 1043 2128; x_wconf 87' lang='lat' dir='ltr'><strong>ex</strong></span> <span class='ocrx_word' id='word_1_109' title='bbox 1065 2074 1161 2128; x_wconf 87' lang='lat' dir='ltr'><strong>mento</strong></span> <span class='ocrx_word' id='word_1_110' title='bbox 1174 2015 1330 2128; x_wconf 76' lang='lat' dir='ltr'><strong>lasharaui</strong></span> <span class='ocrx_word' id='word_1_111' title='bbox 1352 2064 1425 2128; x_wconf 84' lang='lat' dir='ltr'><strong>scri·</strong></span> 
     </span>
    </p>
   </div>
   <div class='ocr_carea' id='block_1_5' title="bbox 300 2185 1427 3778">
    <p class='ocr_par' dir='ltr' id='par_1_5' title="bbox 300 2185 1427 3778">
     <span class='ocr_line' id='line_1_16' title="bbox 311 2185 1427 2275; baseline 0.002 -23"><span class='ocrx_word' id='word_1_112' title='bbox 311 2187 408 2274; x_wconf 85' lang='lat' dir='ltr'><strong>ptnria</strong></span> <span class='ocrx_word' id='word_1_113' title='bbox 436 2186 503 2251; x_wconf 90' lang='lat' dir='ltr'><strong>talis</strong></span> <span class='ocrx_word' id='word_1_114' title='bbox 531 2199 624 2264; x_wconf 86' lang='lat' dir='ltr'><strong>esset,</strong></span> <span class='ocrx_word' id='word_1_115' title='bbox 648 2186 762 2275; x_wconf 85' lang='lat' dir='ltr'><strong>qualem</strong></span> <span class='ocrx_word' id='word_1_116' title='bbox 791 2207 882 2274; x_wconf 88' lang='lat' dir='ltr'><strong>supra</strong></span> <span class='ocrx_word' id='word_1_117' title='bbox 911 2185 1099 2263; x_wconf 83' lang='lat' dir='ltr'><strong>adumbravi,</strong></span> <span class='ocrx_word' id='word_1_118' title='bbox 1123 2186 1204 2252; x_wconf 89' lang='lat' dir='ltr'><strong>haud</strong></span> <span class='ocrx_word' id='word_1_119' title='bbox 1226 2186 1342 2254; x_wconf 86' lang='lat' dir='ltr'><strong>difficile</strong></span> <span class='ocrx_word' id='word_1_120' title='bbox 1368 2191 1427 2254; x_wconf 82' lang='lat' dir='ltr'><strong>orit</strong></span> 
     </span>
     <span class='ocr_line' id='line_1_17' title="bbox 313 2309 1425 2401; baseline 0.003 -25"><span class='ocrx_word' id='word_1_121' title='bbox 313 2311 480 2399; x_wconf 83' lang='lat' dir='ltr'><strong>conjectura</strong></span> <span class='ocrx_word' id='word_1_122' title='bbox 502 2315 633 2400; x_wconf 84' lang='lat' dir='ltr'><strong>assequi,</strong></span> <span class='ocrx_word' id='word_1_123' title='bbox 659 2311 809 2401; x_wconf 90' lang='lat' dir='ltr'><strong>quomodo</strong></span> <span class='ocrx_word' id='word_1_124' title='bbox 830 2311 929 2378; x_wconf 84' lang='lat' dir='ltr'><strong>editor</strong></span> <span class='ocrx_word' id='word_1_125' title='bbox 950 2312 998 2377; x_wconf 87' lang='lat' dir='ltr'><strong>ille</strong></span> <span class='ocrx_word' id='word_1_126' title='bbox 1026 2309 1322 2400; x_wconf 76' lang='lat' dir='ltr'><strong>post-Babyloniam</strong></span> <span class='ocrx_word' id='word_1_127' title='bbox 1345 2325 1425 2380; x_wconf 86' lang='lat' dir='ltr'><strong>cato-</strong></span> 
     </span>
     <span class='ocr_line' id='line_1_18' title="bbox 312 2434 1426 2526; baseline 0.004 -26"><span class='ocrx_word' id='word_1_128' title='bbox 312 2436 398 2524; x_wconf 84' lang='lat' dir='ltr'><strong>logos</strong></span> <span class='ocrx_word' id='word_1_129' title='bbox 420 2457 492 2502; x_wconf 85' lang='lat' dir='ltr'><strong>suos</strong></span> <span class='ocrx_word' id='word_1_130' title='bbox 516 2437 700 2504; x_wconf 85' lang='lat' dir='ltr'><strong>conduxerit.</strong></span> <span class='ocrx_word' id='word_1_131' title='bbox 744 2436 818 2504; x_wconf 88' lang='lat' dir='ltr'><strong>Nam</strong></span> <span class='ocrx_word' id='word_1_132' title='bbox 847 2440 924 2503; x_wconf 84' lang='lat' dir='ltr'><strong>iuter</strong></span> <span class='ocrx_word' id='word_1_133' title='bbox 947 2434 1113 2504; x_wconf 77' lang='lat' dir='ltr'><strong>Chaldaeos</strong></span> <span class='ocrx_word' id='word_1_134' title='bbox 1136 2438 1244 2526; x_wconf 86' lang='lat' dir='ltr'><strong>degens</strong></span> <span class='ocrx_word' id='word_1_135' title='bbox 1266 2441 1426 2505; x_wconf 78' lang='lat' dir='ltr'><strong>resciverat</strong></span> 
     </span>
     <span class='ocr_line' id='line_1_19' title="bbox 311 2561 1426 2652; baseline 0.002 -26"><span class='ocrx_word' id='word_1_136' title='bbox 311 2563 425 2650; x_wconf 91' lang='lat' dir='ltr'><strong>priscos</strong></span> <span class='ocrx_word' id='word_1_137' title='bbox 448 2563 582 2628; x_wconf 86' lang='lat' dir='ltr'><strong>homines</strong></span> <span class='ocrx_word' id='word_1_138' title='bbox 605 2566 716 2628; x_wconf 85' lang='lat' dir='ltr'><strong>vixisse</strong></span> <span class='ocrx_word' id='word_1_139' title='bbox 737 2575 892 2630; x_wconf 73' lang='lat' dir='ltr'><strong>manentes</strong></span> <span class='ocrx_word' id='word_1_140' title='bbox 915 2583 1009 2628; x_wconf 88' lang='lat' dir='ltr'><strong>annos</strong></span> <span class='ocrx_word' id='word_1_141' title='bbox 1032 2561 1174 2645; x_wconf 85' lang='lat' dir='ltr'><strong>(Berosus</strong></span> <span class='ocrx_word' id='word_1_142' title='bbox 1197 2563 1313 2652; x_wconf 87' lang='lat' dir='ltr'><strong>aliique,</strong></span> <span class='ocrx_word' id='word_1_143' title='bbox 1338 2563 1426 2652; x_wconf 82' lang='lat' dir='ltr'><strong>opud</strong></span> 
     </span>
     <span class='ocr_line' id='line_1_20' title="bbox 312 2683 1426 2777; baseline 0.002 -25"><span class='ocrx_word' id='word_1_144' title='bbox 312 2683 489 2774; x_wconf 80' lang='lat' dir='ltr'><strong>Joecphnm,</strong></span> <span class='ocrx_word' id='word_1_145' title='bbox 505 2685 630 2776; x_wconf 70' lang='lat' dir='ltr'><strong>Andqo.</strong></span> <span class='ocrx_word' id='word_1_146' title='bbox 641 2688 662 2766; x_wconf 91' lang='lat' dir='ltr'><strong>l,</strong></span> <span class='ocrx_word' id='word_1_147' title='bbox 679 2685 710 2766; x_wconf 84' lang='lat'><strong>3,</strong></span> <span class='ocrx_word' id='word_1_148' title='bbox 727 2685 746 2772; x_wconf 64' lang='grc' dir='ltr'><strong>ἓ</strong></span> <span class='ocrx_word' id='word_1_149' title='bbox 761 2684 795 2771; x_wconf 89' lang='grc'><strong>9)</strong></span> <span class='ocrx_word' id='word_1_150' title='bbox 815 2701 845 2753; x_wconf 89' lang='lat' dir='ltr'><strong>et</strong></span> <span class='ocrx_word' id='word_1_151' title='bbox 860 2687 958 2756; x_wconf 86' lang='lat' dir='ltr'><strong>decem</strong></span> <span class='ocrx_word' id='word_1_152' title='bbox 974 2688 1186 2776; x_wconf 80' lang='lat' dir='ltr'><strong>longaevorum</strong></span> <span class='ocrx_word' id='word_1_153' title='bbox 1201 2709 1304 2776; x_wconf 87' lang='lat' dir='ltr'><strong>regum</strong></span> <span class='ocrx_word' id='word_1_154' title='bbox 1318 2709 1426 2777; x_wconf 84' lang='lat' dir='ltr'><strong>prosa·</strong></span> 
     </span>
     <span class='ocr_line' id='line_1_21' title="bbox 311 2809 1423 2903; baseline 0.002 -25"><span class='ocrx_word' id='word_1_155' title='bbox 311 2815 390 2900; x_wconf 89' lang='lat' dir='ltr'><strong>piam</strong></span> <span class='ocrx_word' id='word_1_156' title='bbox 413 2811 504 2879; x_wconf 87' lang='lat' dir='ltr'><strong>luisse</strong></span> <span class='ocrx_word' id='word_1_157' title='bbox 527 2809 564 2877; x_wconf 88' lang='lat' dir='ltr'><strong>ab</strong></span> <span class='ocrx_word' id='word_1_158' title='bbox 580 2812 675 2878; x_wconf 87' lang='lat' dir='ltr'><strong>Alorn</strong></span> <span class='ocrx_word' id='word_1_159' title='bbox 698 2813 793 2902; x_wconf 86' lang='lat' dir='ltr'><strong>primo</strong></span> <span class='ocrx_word' id='word_1_160' title='bbox 816 2833 885 2902; x_wconf 89' lang='lat' dir='ltr'><strong>rege</strong></span> <span class='ocrx_word' id='word_1_161' title='bbox 909 2834 1002 2902; x_wconf 88' lang='lat' dir='ltr'><strong>usque</strong></span> <span class='ocrx_word' id='word_1_162' title='bbox 1025 2813 1064 2878; x_wconf 91' lang='lat' dir='ltr'><strong>ad</strong></span> <span class='ocrx_word' id='word_1_163' title='bbox 1077 2813 1265 2891; x_wconf 86' lang='lat' dir='ltr'><strong>Xisuthrurn‚</strong></span> <span class='ocrx_word' id='word_1_164' title='bbox 1288 2812 1346 2879; x_wconf 85' lang='lat' dir='ltr'><strong>sub</strong></span> <span class='ocrx_word' id='word_1_165' title='bbox 1361 2835 1423 2903; x_wconf 92' lang='lat' dir='ltr'><strong>quo</strong></span> 
     </span>
     <span class='ocr_line' id='line_1_22' title="bbox 300 2934 1423 3028; baseline 0.004 -26"><span class='ocrx_word' id='word_1_166' title='bbox 300 2948 450 3027; x_wconf 80' lang='lat' dir='ltr'><strong>&#39;maguum</strong></span> <span class='ocrx_word' id='word_1_167' title='bbox 470 2938 547 3004; x_wconf 90' lang='lat' dir='ltr'><strong>illud</strong></span> <span class='ocrx_word' id='word_1_168' title='bbox 569 2938 711 3006; x_wconf 87' lang='lat' dir='ltr'><strong>diluvium</strong></span> <span class='ocrx_word' id='word_1_169' title='bbox 727 2941 900 3028; x_wconf 79' lang='lat' dir='ltr'><strong>contigisset</strong></span> <span class='ocrx_word' id='word_1_170' title='bbox 914 2934 1072 3021; x_wconf 72' lang='lat' dir='ltr'><strong>(Berosus,</strong></span> <span class='ocrx_word' id='word_1_171' title='bbox 1089 2939 1177 3026; x_wconf 82' lang='lat' dir='ltr'><strong>opud</strong></span> <span class='ocrx_word' id='word_1_172' title='bbox 1188 2937 1423 3006; x_wconf 63' lang='lat' dir='ltr'><strong>Emtactron</strong></span> 
     </span>
     <span class='ocr_line' id='line_1_23' title="bbox 312 3048 1425 3152; baseline 0.002 -24"><span class='ocrx_word' id='word_1_173' title='bbox 312 3061 380 3151; x_wconf 79' lang='lat' dir='ltr'><strong>pb</strong></span> <span class='ocrx_word' id='word_1_174' title='bbox 403 3062 449 3130; x_wconf 90' lang='lat' dir='ltr'><strong>ed.</strong></span> <span class='ocrx_word' id='word_1_175' title='bbox 464 3062 553 3146; x_wconf 76' lang='lat' dir='ltr'><strong>Mai).</strong></span> <span class='ocrx_word' id='word_1_176' title='bbox 581 3063 646 3130; x_wconf 90' lang='lat' dir='ltr'><strong>Hos</strong></span> <span class='ocrx_word' id='word_1_177' title='bbox 668 3066 759 3152; x_wconf 88' lang='lat' dir='ltr'><strong>igitur</strong></span> <span class='ocrx_word' id='word_1_178' title='bbox 780 3063 899 3130; x_wconf 78' lang='lat' dir='ltr'><strong>sandes</strong></span> <span class='ocrx_word' id='word_1_179' title='bbox 921 3048 1028 3130; x_wconf 86' lang='lat' dir='ltr'><strong>imitari</strong></span> <span class='ocrx_word' id='word_1_180' title='bbox 1051 3063 1154 3142; x_wconf 80' lang='lat' dir='ltr'><strong>voluit.</strong></span> <span class='ocrx_word' id='word_1_181' title='bbox 1179 3077 1208 3132; x_wconf 87' lang='lat' dir='ltr'><strong>et</strong></span> <span class='ocrx_word' id='word_1_182' title='bbox 1230 3083 1322 3152; x_wconf 87' lang='lat' dir='ltr'><strong>quum</strong></span> <span class='ocrx_word' id='word_1_183' title='bbox 1344 3075 1425 3131; x_wconf 83' lang='lat' dir='ltr'><strong>aeto·</strong></span> 
     </span>
     <span class='ocr_line' id='line_1_24' title="bbox 312 3188 1426 3278; baseline 0.002 -24"><span class='ocrx_word' id='word_1_184' title='bbox 312 3200 370 3254; x_wconf 85' lang='lat' dir='ltr'><strong>tem</strong></span> <span class='ocrx_word' id='word_1_185' title='bbox 393 3189 537 3276; x_wconf 76' lang='lat' dir='ltr'><strong>an&#39;usque</strong></span> <span class='ocrx_word' id='word_1_186' title='bbox 551 3188 738 3254; x_wconf 84' lang='lat' dir='ltr'><strong>Patriorchao</strong></span> <span class='ocrx_word' id='word_1_187' title='bbox 759 3191 993 3278; x_wconf 86' lang='lat' dir='ltr'><strong>ingeniosissime</strong></span> <span class='ocrx_word' id='word_1_188' title='bbox 1016 3201 1223 3277; x_wconf 83' lang='lat' dir='ltr'><strong>computasset,</strong></span> <span class='ocrx_word' id='word_1_189' title='bbox 1248 3191 1346 3256; x_wconf 84' lang='lat' dir='ltr'><strong>decern</strong></span> <span class='ocrx_word' id='word_1_190' title='bbox 1367 3211 1426 3256; x_wconf 90' lang='lat' dir='ltr'><strong>no·</strong></span> 
     </span>
     <span class='ocr_line' id='line_1_25' title="bbox 312 3295 1423 3404; baseline 0.003 -26"><span class='ocrx_word' id='word_1_191' title='bbox 312 3295 433 3379; x_wconf 82' lang='lat' dir='ltr'><strong>minum</strong></span> <span class='ocrx_word' id='word_1_192' title='bbox 451 3315 616 3403; x_wconf 83' lang='lat' dir='ltr'><strong>catalogum</strong></span> <span class='ocrx_word' id='word_1_193' title='bbox 645 3335 684 3380; x_wconf 81' lang='lat' dir='ltr'><strong>ex</strong></span> <span class='ocrx_word' id='word_1_194' title='bbox 705 3313 828 3380; x_wconf 86' lang='lat' dir='ltr'><strong>arbitrio</strong></span> <span class='ocrx_word' id='word_1_195' title='bbox 852 3317 1028 3381; x_wconf 74' lang='lat' dir='ltr'><strong>construxit.</strong></span> <span class='ocrx_word' id='word_1_196' title='bbox 1065 3314 1112 3380; x_wconf 85' lang='lat' dir='ltr'><strong>Ao</strong></span> <span class='ocrx_word' id='word_1_197' title='bbox 1139 3318 1265 3403; x_wconf 87' lang='lat' dir='ltr'><strong>primum</strong></span> <span class='ocrx_word' id='word_1_198' title='bbox 1294 3314 1423 3404; x_wconf 91' lang='lat' dir='ltr'><strong>quidem,</strong></span> 
     </span>
     <span class='ocr_line' id='line_1_26' title="bbox 313 3437 1423 3530; baseline 0.002 -26"><span class='ocrx_word' id='word_1_199' title='bbox 313 3451 348 3512; x_wconf 84' lang='lat' dir='ltr'><strong>ut</strong></span> <span class='ocrx_word' id='word_1_200' title='bbox 370 3440 432 3527; x_wconf 87' lang='lat' dir='ltr'><strong>jam</strong></span> <span class='ocrx_word' id='word_1_201' title='bbox 460 3439 573 3506; x_wconf 88' lang='lat' dir='ltr'><strong>dudum</strong></span> <span class='ocrx_word' id='word_1_202' title='bbox 601 3438 771 3506; x_wconf 86' lang='lat' dir='ltr'><strong>observavit</strong></span> <span class='ocrx_word' id='word_1_203' title='bbox 797 3439 954 3528; x_wconf 83' lang='lat' dir='ltr'><strong>Philippus</strong></span> <span class='ocrx_word' id='word_1_204' title='bbox 982 3439 1144 3506; x_wconf 86' lang='lat' dir='ltr'><strong>Buttmann</strong></span> <span class='ocrx_word' id='word_1_205' title='bbox 1166 3437 1423 3530; x_wconf 69' lang='lat' dir='ltr'><strong>(Mytlrolnpnsl,</strong></span> 
     </span>
     <span class='ocr_line' id='line_1_27' title="bbox 312 3562 1424 3654; baseline 0.001 -23"><span class='ocrx_word' id='word_1_206' title='bbox 312 3587 363 3654; x_wconf 83' lang='lat' dir='ltr'><strong>pp.</strong></span> <span class='ocrx_word' id='word_1_207' title='bbox 379 3564 442 3632; x_wconf 80' lang='lat'><strong>170</strong></span> <span class='ocrx_word' id='word_1_208' title='bbox 457 3565 551 3653; x_wconf 78' lang='lat' dir='ltr'><strong>sqq),</strong></span> <span class='ocrx_word' id='word_1_209' title='bbox 575 3578 688 3654; x_wconf 83' lang='lat' dir='ltr'><strong>septem</strong></span> <span class='ocrx_word' id='word_1_210' title='bbox 709 3568 829 3631; x_wconf 87' lang='lat' dir='ltr'><strong>nomina</strong></span> <span class='ocrx_word' id='word_1_211' title='bbox 850 3567 881 3628; x_wconf 89' lang='lat' dir='ltr'><strong>iu</strong></span> <span class='ocrx_word' id='word_1_212' title='bbox 904 3577 1031 3652; x_wconf 87' lang='lat' dir='ltr'><strong>utroque</strong></span> <span class='ocrx_word' id='word_1_213' title='bbox 1054 3567 1188 3654; x_wconf 85' lang='lat' dir='ltr'><strong>catalogo</strong></span> <span class='ocrx_word' id='word_1_214' title='bbox 1211 3562 1363 3647; x_wconf 79' lang='lat' dir='ltr'><strong>(Gemlv.</strong></span> <span class='ocrx_word' id='word_1_215' title='bbox 1381 3565 1424 3648; x_wconf 85' lang='lat' dir='ltr'><strong>V)</strong></span> 
     </span>
     <span class='ocr_line' id='line_1_28' title="bbox 313 3688 1425 3778; baseline 0.001 -22"><span class='ocrx_word' id='word_1_216' title='bbox 313 3690 369 3756; x_wconf 88' lang='lat' dir='ltr'><strong>sibi</strong></span> <span class='ocrx_word' id='word_1_217' title='bbox 391 3695 514 3757; x_wconf 81' lang='lat' dir='ltr'><strong>invicem</strong></span> <span class='ocrx_word' id='word_1_218' title='bbox 537 3691 725 3777; x_wconf 81' lang='lat' dir='ltr'><strong>respondent,</strong></span> <span class='ocrx_word' id='word_1_219' title='bbox 748 3688 838 3756; x_wconf 87' lang='lat' dir='ltr'><strong>modo</strong></span> <span class='ocrx_word' id='word_1_220' title='bbox 854 3693 885 3756; x_wconf 94' lang='lat' dir='ltr'><strong>in</strong></span> <span class='ocrx_word' id='word_1_221' title='bbox 907 3691 1022 3778; x_wconf 85' lang='lat' dir='ltr'><strong>capr</strong></span> <span class='ocrx_word' id='word_1_222' title='bbox 1033 3691 1221 3778; x_wconf 81' lang='lat' dir='ltr'><strong>Mohujoeb&#39;s</strong></span> <span class='ocrx_word' id='word_1_223' title='bbox 1235 3690 1333 3758; x_wconf 85' lang='lat' dir='ltr'><strong>sedem</strong></span> <span class='ocrx_word' id='word_1_224' title='bbox 1355 3713 1425 3757; x_wconf 87' lang='lat' dir='ltr'><strong>cum</strong></span> 
     </span>
    </p>
   </div>
   <div class='ocr_carea' id='block_1_6' title="bbox 314 3815 957 3905">
    <p class='ocr_par' dir='ltr' id='par_1_6' title="bbox 314 3815 957 3905">
     <span class='ocr_line' id='line_1_29' title="bbox 314 3815 957 3905; baseline -0.002 -23"><span class='ocrx_word' id='word_1_225' title='bbox 314 3815 452 3884; x_wconf 75' lang='lat' dir='ltr'><strong>Ghnnolte&#39;</strong></span> <span class='ocrx_word' id='word_1_226' title='bbox 474 3817 696 3905; x_wconf 84' lang='lat' dir='ltr'><strong>permutaveris.</strong></span> <span class='ocrx_word' id='word_1_227' title='bbox 728 3815 858 3883; x_wconf 87' lang='lat' dir='ltr'><strong>Habebis</strong></span> <span class='ocrx_word' id='word_1_228' title='bbox 882 3819 957 3882; x_wconf 86' lang='lat' dir='ltr'><strong>eniur</strong></span> 
     </span>
    </p>
   </div>
   <div class='ocr_carea' id='block_1_7' title="bbox 447 3935 1287 4616">
    <p class='ocr_par' dir='ltr' id='par_1_7' title="bbox 447 3935 1287 4181">
     <span class='ocr_line' id='line_1_30' title="bbox 501 3935 1191 3992; baseline 0 -2"><span class='ocrx_word' id='word_1_229' title='bbox 501 3935 504 3945; x_wconf 92' lang='lat'>&#39;</span> <span class='ocrx_word' id='word_1_230' title='bbox 538 3937 616 3992; x_wconf 71' lang='lat' dir='ltr'><strong>mlv.</strong></span> <span class='ocrx_word' id='word_1_231' title='bbox 1124 3953 1144 3990; x_wconf 83' lang='lat' dir='ltr'><strong>c</strong></span> <span class='ocrx_word' id='word_1_232' title='bbox 1157 3935 1191 3991; x_wconf 86' lang='lat' dir='ltr'><strong>V.</strong></span> 
     </span>
     <span class='ocr_line' id='line_1_31' title="bbox 447 4010 1287 4096; baseline -0.002 -14"><span class='ocrx_word' id='word_1_233' title='bbox 447 4026 545 4096; x_wconf 76' lang='lat' dir='ltr'><strong>Adone,</strong></span> <span class='ocrx_word' id='word_1_234' title='bbox 563 4027 578 4080; x_wconf 92' lang='lat' dir='ltr'><strong>i.</strong></span> <span class='ocrx_word' id='word_1_235' title='bbox 591 4010 613 4081; x_wconf 83' lang='lat' dir='ltr'><strong>e.</strong></span> <span class='ocrx_word' id='word_1_236' title='bbox 624 4026 707 4094; x_wconf 87' lang='lat' dir='ltr'><strong>homo,</strong></span> <span class='ocrx_word' id='word_1_237' title='bbox 1027 4023 1125 4096; x_wconf 70' lang='lat' dir='ltr'><strong>most,</strong></span> <span class='ocrx_word' id='word_1_238' title='bbox 1142 4026 1159 4079; x_wconf 79' lang='lat' dir='ltr'><strong>&#39;n</strong></span> <span class='ocrx_word' id='word_1_239' title='bbox 1172 4043 1193 4080; x_wconf 88' lang='lat' dir='ltr'><strong>e.</strong></span> <span class='ocrx_word' id='word_1_240' title='bbox 1204 4024 1287 4092; x_wconf 87' lang='lat' dir='ltr'><strong>homo,</strong></span> 
     </span>
     <span class='ocr_line' id='line_1_32' title="bbox 448 4112 1152 4181; baseline -0.004 -11"><span class='ocrx_word' id='word_1_241' title='bbox 448 4114 535 4181; x_wconf 78' lang='lat' dir='ltr'><strong>Quoia</strong></span> <span class='ocrx_word' id='word_1_242' title='bbox 1030 4112 1152 4179; x_wconf 78' lang='lat' dir='ltr'><strong>Quninon</strong></span> 
     </span>
    </p>

    <p class='ocr_par' dir='ltr' id='par_1_8' title="bbox 450 4201 1138 4260">
     <span class='ocr_line' id='line_1_33' title="bbox 450 4201 1138 4260; baseline -0.004 0"><span class='ocrx_word' id='word_1_243' title='bbox 450 4203 558 4260; x_wconf 83' lang='lat' dir='ltr'><strong>Ohonels</strong></span> <span class='ocrx_word' id='word_1_244' title='bbox 1029 4201 1138 4258; x_wconf 73' lang='lat' dir='ltr'><strong>(idoneis</strong></span> 
     </span>
    </p>

    <p class='ocr_par' dir='ltr' id='par_1_9' title="bbox 447 4291 1111 4351">
     <span class='ocr_line' id='line_1_34' title="bbox 447 4291 1111 4351; baseline -0.006 0"><span class='ocrx_word' id='word_1_245' title='bbox 447 4294 514 4351; x_wconf 81' lang='lat' dir='ltr'><strong>Irod</strong></span> <span class='ocrx_word' id='word_1_246' title='bbox 1028 4291 1111 4348; x_wconf 85' lang='lat' dir='ltr'><strong>Jored</strong></span> 
     </span>
    </p>

    <p class='ocr_par' dir='ltr' id='par_1_10' title="bbox 448 4377 1206 4616">
     <span class='ocr_line' id='line_1_35' title="bbox 448 4377 1171 4455; baseline -0.004 -16"><span class='ocrx_word' id='word_1_247' title='bbox 448 4383 582 4455; x_wconf 77' lang='lat' dir='ltr'><strong>Molsujuel</strong></span> <span class='ocrx_word' id='word_1_248' title='bbox 779 4395 785 4407; x_wconf 83' lang='lat'>‘</span> <span class='ocrx_word' id='word_1_249' title='bbox 1028 4377 1171 4436; x_wconf 67' lang='lat' dir='ltr'><strong>Matutam</strong></span> 
     </span>
     <span class='ocr_line' id='line_1_36' title="bbox 448 4462 1206 4528; baseline 0.001 -2"><span class='ocrx_word' id='word_1_250' title='bbox 448 4471 592 4528; x_wconf 68' lang='lat' dir='ltr'><strong>Mutuscae</strong></span> <span class='ocrx_word' id='word_1_251' title='bbox 677 4462 681 4474; x_wconf 84' lang='grc'><strong>’</strong></span> <span class='ocrx_word' id='word_1_252' title='bbox 1027 4465 1206 4527; x_wconf 70' lang='lat' dir='ltr'><strong>Mmotamt</strong></span> 
     </span>
     <span class='ocr_line' id='line_1_37' title="bbox 448 4558 1133 4616; baseline -0.003 0"><span class='ocrx_word' id='word_1_253' title='bbox 448 4561 553 4616; x_wconf 77' lang='lat' dir='ltr'><strong>Lnnteh.</strong></span> <span class='ocrx_word' id='word_1_254' title='bbox 1028 4558 1133 4615; x_wconf 75' lang='lat' dir='ltr'><strong>melc.</strong></span> 
     </span>
    </p>
   </div>
   <div class='ocr_carea' id='block_1_8' title="bbox 0 0 1590 5186">
    <p class='ocr_par' dir='ltr' id='par_1_11' title="bbox 0 0 1590 5186">
     <span class='ocr_line' id='line_1_38' title="bbox 0 0 1590 5186; baseline 0 0"><span class='ocrx_word' id='word_1_255' title='bbox 0 0 1590 5186; x_wconf 95' lang='lat' dir='ltr'><strong> </strong></span> 
     </span>
    </p>
   </div>
  </div>
 </body>
</html>
