3160 5170
739 378 956 488 Q

289 611 384 656 eaeem
406 588 585 677 baptismum
609 587 717 654 efficiat
732 585 762 672 (l
780 587 860 652 Patr.
876 588 926 665 lll,
945 583 1010 671 21),
1030 587 1093 673 jam
1118 589 1186 666 olim
1211 587 1342 653 ostendit
1356 587 1410 654 Ri-

289 715 394 780 cardus
417 713 541 780 Hoolaer
563 709 789 796 (Ecclesiastital
810 712 910 790 Polie,
935 712 1018 778 boola
1033 711 1071 790 V,
1097 735 1121 777 e.
1138 707 1205 795 63).
1247 713 1282 777 ln
1303 712 1410 802 Angli·

289 863 360 905 eana
374 838 615 926 Paedobaptismi
634 837 888 902 administratione
903 835 1046 902 infantam
1064 859 1270 903 consecramus
1286 841 1319 902 in
1334 837 1410 902 mili-

287 979 346 1031 tem
362 987 395 1029 ao
410 963 551 1030 famulum
568 961 695 1039 Christi,
716 963 839 1040 scilicet,
857 961 896 1026 ad
909 961 1103 1050 pugnandum
1120 975 1224 1027 contra
1232 973 1407 1050 peccabam,

287 1090 451 1172 mundum,
483 1101 512 1153 ct
536 1085 708 1173 Salonam,-
739 1101 768 1152 et
795 1091 826 1151 in
850 1084 1052 1164 catechismo,
1083 1109 1143 1175 quo
1171 1087 1341 1176 baptizatos
1370 1087 1410 1152 ad

288 1215 539 1280 confirmationem
568 1217 623 1278 rite
654 1212 851 1300 accipiendam
880 1215 1069 1290 instruimus,
1098 1234 1209 1299 pueros
1232 1225 1354 1279 nostros
1378 1215 1410 1278 iu

287 1343 457 1406 memoriam
479 1342 566 1403 istius
590 1337 709 1403 militiae
731 1338 909 1415 reducimus,
934 1359 1027 1425 quum
1047 1336 1257 1404 admoneamus
1273 1359 1325 1401 eos
1341 1359 1409 1402 sus·

288 1479 421 1552 captores
444 1466 578 1552 ipsorum
601 1465 773 1550 promisisse
796 1463 939 1549 triplicem
963 1461 1248 1528 abrenuntiationem
1269 1461 1410 1556 Satanae

287 1604 317 1657 et
338 1589 448 1656 maedi
470 1602 500 1654 et
522 1590 633 1654 eureis.
669 1585 759 1670 Quod
775 1599 940 1674 peccatum
962 1591 1139 1653 et'caraeem
1156 1602 1298 1678 tanquam
1315 1611 1409 1676 syno-

286 1737 377 1804 nyma
405 1719 481 1780 inter
508 1736 539 1779 sc
569 1725 827 1778 commutaverunt
847 1712 999 1802 Liturgiae
1028 1713 1234 1800 compilatores
1262 1717 1408 1780 neminem

288 1839 432 1918 offendet,
463 1842 514 1926 qui
538 1839 769 1904 consideraverit
791 1859 877 1902 omne
903 1851 1055 1925 peccatum
1079 1859 1117 1903 ex
1140 1860 1224 1904 carne
1246 1839 1406 1927 profluere,

287 1987 403 2030 carnem
431 1968 526 2051 ipsam
553 1968 584 2028 in
613 1986 644 2028 se
673 1967 830 2058 rationem¹
844 1966 956 2050 peceati
984 1963 1102 2030 habere.
1145 1963 1206 2029 Sed
1229 1986 1321 2052 quum
1345 1988 1409 2031 vox

287 2113 377 2173 earo,
408 2091 485 2154 sieut
511 2089 583 2154 aliae
605 2110 708 2165 voces,
738 2099 798 2152 tam
821 2088 954 2153 latiorem
979 2111 1068 2177 quam
1090 2063 1291 2178 angustiorem
1314 2093 1408 2178 signi-

287 2216 453 2281 ficationem
481 2226 624 2301 praestet,
654 2227 806 2299 peecatum
835 2227 934 2278 autem
963 2215 1129 2302 generalius
1151 2213 1331 2280 vocabulum
1357 2219 1405 2294 sit,

287 2340 389 2428 culpae
412 2342 560 2404 materiam
583 2342 614 2402 in
636 2341 729 2403 trinas
751 2351 851 2425 partes
875 2338 1052 2406 distribuere
1069 2339 1152 2416 licet,
1177 2362 1253 2428 quae
1271 2343 1301 2404 in
1316 2338 1406 2405 Novo

287 2467 477 2531 Testamento
493 2478 553 2530 tam
564 2465 691 2551 junctim
707 2486 796 2552 quarn
812 2468 969 2551 separatim
987 2463 1147 2547 deridebor,
1169 2463 1295 2546 κόσμος,
1314 2465 1407 2548 σάρξ,

286 2593 472 2681 appellantur
495 2586 575 2673 (vide
598 2611 688 2676 supra
703 2589 777 2652 Pars
792 2589 814 2652 Ι.
831 2613 862 2676 p.
875 2585 942 2672 69).
975 2589 1041 2654 lam
1057 2612 1127 2654 vero
1144 2590 1235 2656 verba
1249 2594 1315 2678 ipsa
1332 2589 1407 2655 deoi-

284 2717 381 2800 βολος
397 2731 427 2782 et
449 2710 527 2819 pipi?
543 2717 573 2778 vi
587 2716 704 2780 termini
720 2714 862 2780 denotant
875 2715 1037 2798 aedilium,
1061 2716 1220 2797 inuidiam,
1244 2729 1274 2782 et
1288 2717 1406 2782 aalma·

284 2844 362 2907 aius.
394 2840 434 2904 Et
456 2853 560 2905 auctor
582 2851 627 2904 est
642 2838 728 2904 lesus
752 2840 910 2905 diabolum
929 2839 1021 2906 fuisse
1036 2839 1195 2907 homicidii
1209 2854 1238 2906 et
1252 2843 1408 2908 mendacii

283 2979 435 3053 parentem
458 2960 577 3047 (loann.
589 2963 669 3042 Vlll,
686 2960 753 3048 44).
789 2965 928 3030 Mmsdus
943 2977 1055 3042 summ,
1080 2978 1225 3052 quatenus
1241 2970 1272 3030 in
1288 2989 1319 3032 se
1333 2989 1407 3054 pro·

284 3093 364 3180 prias
392 3089 533 3178 peccandi
561 3089 711 3156 illecebras
734 3093 881 3166 continet,
911 3090 955 3155 ad·
976 3091 1131 3156 commoda
1152 3095 1316 3178 praesentis
1340 3095 1407 3158 aevi

285 3230 416 3305 spectare
448 3215 551 3293 debet;
585 3219 686 3303 itaque
710 3217 875 3301 cuicunque
898 3214 1025 3301 objicere
1053 3238 1231 3304 possumus,
1262 3229 1298 3282 nt
1320 3215 1407 3283 diviti

285 3342 341 3418 illi,
366 3337 527 3424 ἀπέλαβες
550 3335 590 3406 σύ
614 3335 653 3404 aul
679 3333 798 3420 ἀγαθά
818 3353 876 3404 σου
892 3337 928 3405 ἓν
941 3343 976 3430 τῇ
993 3338 1056 3432 ζωῇ
1072 3357 1129 3406 σου
1144 3337 1228 3424 (Luc.
1241 3341 1323 3420 XVI,
1336 3338 1404 3425 25),

285 3469 453 3556 quicunque
476 3489 538 3531 ram
561 3487 644 3531 suam
668 3464 838 3529 familiarem
862 3467 970 3553 quovis
990 3480 1078 3554 paeto
1095 3489 1202 3555 augere
1218 3466 1328 3543 studet,
1352 3471 1406 3556 qui

284 3593 362 3657 ibam
391 3591 448 3656 sibi
477 3591 608 3679 regulam
637 3593 796 3678 imposuit:
832 3590 1020 3678 »quaerenda
1046 3593 1171 3680 pecunia
1197 3595 1325 3679 primum
1348 3606 1405 3671 est,

283 3721 378 3782 virtus
401 3729 472 3804 post
494 3738 670 3793 nummos«;
694 3718 746 3802 qni
770 3727 805 3780 ut
827 3738 858 3780 se
880 3719 912 3780 in
934 3719 1051 3781 civitate
1073 3717 1174 3794 tollat,
1198 3729 1234 3783 ut
1255 3721 1405 3804 regnerio

283 3844 339 3907 hae
369 3843 444 3917 vita,
473 3853 533 3904 tam
560 3840 655 3906 Deum
684 3863 774 3929 quam
802 3839 937 3904 homines
966 3841 1197 3908 contemnendos
1226 3841 1322 3920 ducit,
1352 3845 1405 3932 qui

282 3968 363 4033 hune
384 3965 528 4030 mundum
550 3989 612 4031 non
634 3966 766 4032 futuram
789 3968 880 4030 vitam
903 3978 1030 4052 spectat,
1056 3969 1107 4055 qui
1129 3968 1220 4032 misso
1240 3967 1404 4056 relligionis

282 4095 423 4180 imperio,
454 4085 513 4176 τήν
541 4093 733 4168 πλεονεξίαν
755 4091 802 4156 vel
830 4091 1037 4158 inexhaustam
1065 4089 1194 4156 habendi
1221 4091 1403 4170 aviditatem,

282 4217 349 4304 ἥτις
370 4217 456 4282 ἐστὶν
479 4214 729 4301 εἶδωλολατρεία
753 4212 832 4299 (Col.
848 4217 898 4293 ΠΙ,
917 4212 961 4300 5),
986 4216 1104 4304 explere
1128 4220 1225 4304 cupit,
1249 4220 1275 4282 is
1298 4221 1404 4306 utique

281 4341 383 4408 mundi
413 4365 516 4409 servus
544 4354 603 4419 est,
634 4355 663 4409 ct
685 4367 702 4408 a
724 4341 873 4431 probitate
896 4342 1047 4430 relligiosa
1070 4341 1220 4408 abhorret.
1267 4341 1404 4430 Denique

283 4443 365 4550 euro,
388 4490 442 4555 per
464 4491 495 4534 sc
518 4481 651 4557 spectata
665 4482 806 4558 tanquam
826 4491 894 4558 pars
910 4469 1009 4556 aliqua
1024 4471 1145 4556 peccati,
1170 4490 1274 4536 eorum
1290 4471 1404 4558 estqui
