3166 5178
121 4355 130 4386 l

113 4408 127 4424 v

461 1221 990 1401 rnonncounru.¹

647 1599 796 1610 not—nnn*

570 1865 832 1945 CAPITULUM
859 1867 882 1943 l.

168 2039 253 2098 Sacra
266 2039 410 2116 Scriptura
424 2057 474 2116 pro
489 2039 574 2096 verbo
588 2039 639 2097 Dei
655 2039 782 2100 habenda
798 2051 854 2112 est,
876 2059 933 2098 nou
947 2040 1048 2098 carnali
1063 2051 1113 2099 aut
1125 2041 1286 2099 mechanica

227 2147 346 2222 quadam
366 2148 488 2217 ratione,
510 2146 559 2204 scd
576 2148 640 2222 quia
659 2159 795 2205 concentu
809 2147 929 2224 quodam
945 2166 995 2205 suo
1011 2148 1119 2206 divinae
1135 2136 1301 2205 voluntatis

228 2251 457 2329 significationem
477 2253 611 2310 inclusam
634 2255 765 2312 continet.

169 2524 297 2636 Sacros
304 2567 487 2632 ludaeorum
499 2567 795 2654 Christianorumque
811 2567 904 2631 libros
921 2567 1022 2632 divino
1039 2567 1168 2654 quodam
1183 2567 1287 2632 afflatu

168 2696 291 2758 animari
320 2716 405 2758 nemo
435 2696 601 2781 negaverit,
632 2694 683 2778 qui
706 2693 753 2756 vel
779 2693 905 2779 aliquem
928 2691 1036 2757 babeat
1059 2696 1186 2756 sincerae
1208 2693 1286 2756 relli-

167 2821 266 2905 gionis
290 2841 424 2895 sensum,
448 2819 495 2882 vol
517 2820 549 2881 in
565 2820 687 2882 veritate
709 2817 915 2904 investiganda
938 2817 1059 2882 candide
1084 2830 1171 2903 atque
1187 2830 1287 2904 aperte

170 2956 312 3007 versetur.
349 2941 445 3025 Quam
467 2941 604 3028 equidem
620 2945 792 3006 sententiam
807 2945 925 3006 tametsi
940 2941 1130 3006 libentissime
1146 2965 1179 3006 ae
1195 2946 1287 3007 veris-

169 3071 243 3131 simo
267 3071 356 3131 animi
379 3067 486 3131 affectu
507 3067 667 3154 profiteor,
691 3090 753 3131 non
775 3079 873 3131 tamen
896 3065 1005 3130 ideireo
1028 3070 1059 3131 in
1078 3088 1181 3131 eorum
1198 3066 1288 3131 verba

164 3192 311 3277 jurarem,
336 3195 388 3280 qui
411 3192 446 3256 de
463 3190 554 3256 Sacra
569 3191 725 3278 Scriptura
747 3195 788 3255 ita
804 3191 971 3279 loquuntur
985 3204 1127 3278 tanquam
1143 3195 1168 3256 si
1185 3213 1285 3256 omnes

170 3316 333 3394 clausulae,
365 3320 463 3380 omnia
486 3315 646 3393 vocabula,
679 3339 780 3380 omnes
803 3315 949 3402 syllabae,
981 3320 1162 3402 quinetiam
1186 3339 1287 3380 omnes

170 3443 266 3527 apices
290 3455 319 3506 et
341 3455 477 3506 accentus
501 3441 538 3505 ab
561 3445 628 3527 ipso
652 3440 708 3504 Dei
731 3439 847 3526 Spiritu
870 3453 1062 3504 emanassent.
1106 3440 1181 3503 Nam
1205 3439 1288 3526 quod

170 3564 247 3629 dixit
270 3564 421 3630 Gustatus
444 3565 604 3651 Adolpbus
629 3563 801 3630 Sebumann
832 3560 974 3646 (Genesis
1002 3586 1032 3650 p.
1052 3561 1185 3647 LXXI),
1216 3587 1288 3629 rex·

170 3693 294 3776 spiravit
314 3693 517 3776 inspirationis
541 3688 687 3753 absurdae
709 3688 857 3764 doctrina,
883 3709 958 3776 quae
982 3711 1069 3753 sanae
1092 3701 1121 3754 et
1143 3690 1288 3776 legitimae

169 3811 314 3878 librormn
343 3813 513 3878 divinorum
543 3815 778 3901 interpretationi
808 3835 956 3877 summum
984 3812 1123 3879 damnum
1150 3815 1287 3892 intulit,«

170 3938 202 4004 id
223 3942 335 4004 utinam
358 3937 502 4004 affirmare
524 3961 653 4026 possem.
689 3938 806 4002 Vivtmt
825 3938 985 4003 etiamdum
1005 3942 1179 4026 vigentque,
1203 3959 1289 4025 prae·

171 4065 270 4127 sertim
297 4066 372 4128 inter
394 4076 560 4141 nostrates,
589 4064 731 4150 relligiosi
754 4061 880 4127 sortasse
903 4075 933 4128 et
953 4067 996 4150 pii
1010 4056 1031 4145 ¹)
1055 4064 1205 4137 homines,
1237 4056 1290 4124 sed

170 4247 384 4258 ψ,-

247 4352 265 4419 ¹)
289 4351 450 4423 Quantopere
474 4353 593 4407 differant
620 4352 737 4406 homines
761 4356 900 4421 relttqtost
926 4359 952 4405 et
973 4355 1017 4419 pti
1040 4353 1135 4422 optime
1158 4351 1291 4408 admonuit

172 4447 486 4505 (lodoiredus-Hermann
505 4451 611 4522 (opusc.
625 4450 658 4516 V,
676 4467 701 4520 p.
717 4446 788 4518 119).
808 4489 812 4497 .

1062 4555 1076 4609 1
