3172 5186
610 340 821 450 ,ἕῳ-

65 593 69 603 »
160 549 270 630 inflicta
299 562 402 616 tantm
428 562 542 638 partem
574 552 668 640 ipsius
697 564 879 638 peccantem
914 552 991 618 dixit
1020 557 1096 619 enim
1125 555 1272 622 Dominus

159 669 326 759 mulieri¹)‚
349 675 563 763 Multiplieobo
594 699 759 742 mammae
785 687 854 742 tear
883 687 913 743 et
938 689 1099 766 conceptue
1125 691 1209 766 ierom
1237 682 1272 748 iet

159 801 265 868 dolore
281 802 391 887 paries
406 801 503 892 filios,
527 813 581 866 eto.
610 801 656 866 lix
680 799 788 888 quibus
808 815 902 888 patet,
927 803 1009 890 quod
1031 805 1160 870 mulieris
1184 805 1271 870 male-

159 925 248 992 dictio
265 939 328 992 erat
342 929 417 991 circa
432 927 496 1012 cJ'us
519 938 634 991 uterum
658 947 710 991 seu
734 929 890 992 matricem.
917 927 1023 992 Adami
1038 927 1163 1018 denique
1183 931 1278 1010 male·¹

159 1051 248 1118 dictio
264 1064 335 1127 erat,
360 1065 393 1116 ut
414 1053 478 1138 ipse
502 1072 566 1116 cum
590 1053 697 1116 semine
721 1073 773 1116 seu
796 1053 969 1138 posteritate
992 1056 1022 1117 in
1045 1053 1153 1120 sudore
1170 1056 1270 1122 vultus

157 1179 204 1244 sni
227 1189 394 1243 vesceretur
414 1197 500 1264 pane.
537 1175 698 1261 Quartum,
716 1176 805 1263 quod
829 1175 919 1255 Cain,
942 1177 1023 1243 Evae
1044 1181 1278 1269 primogenitus„

157 1323 259 1382 serum
282 1304 398 1368 seminis
421 1304 585 1389 iniquitatis
608 1314 639 1366 et
652 1299 769 1368 Diaboli
793 1300 1003 1380 habitaculum,
1019 1305 1145 1394 radicem
1168 1307 1270 1392 posuit

157 1439 188 1496 et
210 1430 351 1515 originem
373 1429 504 1514 mysterii
526 1429 705 1514 iniquitatis,
729 1449 747 1490 a
769 1426 956 1514 cujus-sonte
982 1431 1135 1496 seminaria
1157 1426 1269 1496 Diabo-

156 1553 211 1618 lica
240 1550 278 1618 ad
306 1552 385 1619 hunc
406 1573 502 1640 usque
525 1551 602 1616 diem
630 1555 801 1618 continuata
829 1565 908 1618 sunt
953 1552 1028 1624 Nam
1057 1567 1091 1620 ut
1112 1554 1267 1632 Diabolus,

156 1679 219 1766 ejus
242 1677 518 1765 pateraspiritualis,
535 1690 598 1759 erat
619 1681 732 1764 primus
757 1676 859 1743 mundi
882 1678 1038 1756 homicida,
1054 1682 1096 1744 sic
1112 1683 1196 1744 etiam
1221 1680 1268 1746 illo

155 1825 216 1874 uon
243 1801 333 1869 modo
356 1795 535 1884 homicida²l
563 1802 615 1870 sed
637 1801 786 1870 fratricida
813 1801 907 1870 factus
936 1817 995 1882 est3
1025 1805 1083 1870 hoc
1111 1827 1181 1890 crgo
1206 1818 1270 1884 erat

154 1930 281 2016 primum
310 1939 397 2016 atque
420 1930 628 1993 evictissimum
654 1927 866 1996 maledictionis
890 1927 1006 1996 divinae
1028 1933 1145 2018 signum
1168 1933 1201 1995 in
1222 1951 1268 1996 se·

154 2056 232 2133 mine
254 2052 482 2132 inobedientiae,
506 2075 567 2141 quo
591 2055 733 2118 actionem
758 2053 900 2120 carnalem
923 2052 1030 2120 Adami
1055 2054 1146 2120 luisse
1169 2077 1267 2122 coram

154 2177 227 2244 Deo,
241 2177 466 2244 abominabilem
493 2178 656 2245 luculenter
678 2178 851 2246 declaratur.
891 2179 1038 2262 Quietum
1060 2193 1122 2246 erat
1148 2193 1266 2268 pactum

154 2307 231 2382 iuter
241 2296 364 2386 llcnm⁸l
380 2302 619 2370 etAbrabamum
635 2316 665 2368 et
679 2325 777 2370 semen
788 2305 852 2390 ejus
863 2318 933 2392 post
945 2309 1051 2392 ipsum,
1065 2305 1147 2393 quod
1159 2307 1273 2386 seilicet

155 2429 408 2496 circumcideretur
428 2451 465 2496 cx
486 2432 558 2516 ipsis
578 2432 673 2494 omnis
690 2430 853 2508 masculus,
875 2430 933 2495 boc
956 2444 1009 2508 est,
1027 2452 1093 2496 caro
1118 2433 1266 2517 praeputii

154 2577 255 2624 eorum
279 2553 545 2633 circumcideretur,
574 2575 662 2641 quam
684 2554 802 2642 quidem
825 2559 1073 2622 circumcisionem
1094 2554 1162 2620 iecit
1185 2535 1265 2622 Deus

153 2684 270 2770 signum
281 2679 406 2746 foederis
422 2682 498 2746 inter
513 2682 609 2768 ipsum
622 2679 859 2746 etAbrabamum
877 2703 941 2746 cum
957 2681 1179 2748 successoribus
1190 2683 1264 2767 ejus,

153 2809 187 2885 iu¹
206 2827 266 2894 quo
289 2805 407 2893 quidem
428 2804 482 2870 Dei
508 2805 644 2870 mandato
668 2808 826 2870 maximum
849 2805 993 2872 delitescit
1015 2829 1166 2884 areanum,
1190 2806 1265 2871 banc

152 2944 282 2998 nosuam
299 2935 467 3020 opinionem
484 2929 675 3008 confirmaos3
699 2953 765 2995 nam
783 2953 835 2998 cur
855 2935 959 3020 posuit
973 2932 1054 2998 Deus
1070 2935 1188 3020 signum
1202 2931 1264 2998 loe-

153 3057 230 3136 dcris
253 3061 298 3124 sui
322 3079 387 3124 oum
407 3055 579 3122 Abrabamo
601 3059 631 3121 in
654 3056 705 3122 illo
728 3056 810 3136 loco,
834 3060 893 3122 nisi
914 3061 984 3146 quia
1006 3057 1079 3124 illud
1102 3055 1264 3124 membrum

152 3185 403 3271 concupiscentiae
418 3181 537 3248 edemus
551 3194 655 3248 auctor
670 3195 701 3246 et
714 3204 802 3247 causa
817 3185 984 3270 signaretur
999 3206 1055 3271 pro
1071 3196 1158 3271 pacto
1170 3183 1219 3248 illo
1228 3182 1261 3248 i«

163 3385 165 3392 Ι
240 3306 299 3374 Sed
322 3307 394 3372 haec
415 3307 566 3372 hactenus.
593 3306 749 3372 Praetereo
766 3310 840 3372 enim
863 3306 947 3384 alios,
964 3311 1016 3394 qni
1031 3307 1076 3372 vel
1098 3330 1203 3396 parum
1219 3309 1264 3374 di-

150 3435 273 3524 ligentcr
294 3432 339 3498 vel
361 3454 465 3520 parum
490 3430 588 3497 sobrie
609 3434 638 3494 in
661 3430 719 3495 hoc
734 3434 841 3496 versati
863 3444 932 3496 sunt
948 3445 1131 3518 argumento.
1161 3431 1262 3517 Qualis

150 3558 208 3632 fnit
222 3559 372 3624 cavillator
387 3558 434 3625 ille
449 3557 582 3633 festivus,
603 3553 996 3634 Montlaucon·de·Villars,
1015 3561 1065 3644 qui
1078 3555 1262 3623 Cabbalistas

150 3684 289 3752 ludaicos
305 3695 424 3750 secutus
438 3695 538 3770 aperte
554 3680 681 3746 declarat
696 3658 885 3763 (detrectem
900 3683 943 3748 dc
954 3682 1057 3748 Comen
1072 3683 1109 3747 de
1123 3681 1260 3766 Gebnlis,

150 3779 405 3877 rnunocxx.
420 3804 735 3873 coeauoocxxx.
751 3829 781 3893 p.
794 3805 882 3890 uer
903 3805 963 3874 »cc
979 3809 1066 3872 crime
1078 3807 1201 3874 cunm
1218 3821 1263 3874 en

150 3949 233 4002 autre
246 3936 334 4000 chose
345 3934 480 4022 qu’aroir
491 3936 595 4021 mange
606 3933 632 3997 le
643 3955 768 4020 pomme.
788 3931 893 4019 Quoyl
910 3946 985 3999 estes
998 3955 1073 3998 vous
1087 3933 1126 3999 du
1138 3934 1261 4001 nombre

149 4062 185 4128 de
206 4083 281 4128 ceux
301 4063 353 4148 qui
372 4072 425 4124 ont
445 4059 473 4124 la
493 4057 645 4146 simplicite'
662 4057 697 4124 dc
712 4058 845 4149 prendre
853 4059 996 4124 l’histoirc
1013 4058 1053 4124 du
1068 4081 1184 4146 pomme
1201 4061 1260 4125 lla

148 4184 254 4264 lettre?
277 4185 336 4250 Hal
352 4184 483 4263 seachez,
496 4205 553 4271 que
568 4184 596 4246 la
610 4184 716 4272 langue
733 4187 826 4250 sainte
841 4205 894 4248 use
911 4184 946 4249 de
961 4207 1008 4249 ces
1019 4187 1189 4250 innocentes
1200 4208 1261 4252 me-

147 4311 288 4398 taphoras
302 4332 382 4399 pour
398 4310 527 4398 eloigoer
543 4307 579 4373 de
593 4331 670 4376 nous
685 4309 728 4375 les
744 4308 823 4376 idees
840 4331 898 4398 peu
913 4310 1052 4380 honestes
1064 4310 1151 4378 d'une
1162 4314 1260 4382 action

220 4576 242 4643 ι)
260 4573 319 4630 (ico.
332 4574 373 4630 111.
392 4603 426 4614 -
444 4573 466 4643 ²)
485 4572 544 4630 lien
557 4573 601 4630 lv.
621 4601 655 4620 ν·
673 4574 695 4643 ⁸)
714 4573 862 4642 emxvu,
877 4575 916 4634 10.
