3160 5170
670 411 751 486 aaa
862 361 865 366 ’

151 631 225 707 post
254 620 390 684 exsilium
413 619 629 708 Babylonicum
658 621 767 687 facturn
796 646 874 702 esse,
905 649 967 693 non
990 629 1075 693 aliam
1098 629 1223 716 sejuncti
1245 643 1274 697 et

150 745 322 831 iuterpolati
356 748 460 810 cantici
495 747 718 836 chronologiam
753 761 881 815 statuere
917 753 1075 838 oportebit.
1127 755 1271 843 Denique,

152 889 245 955 quum
267 891 372 933 versus
394 869 414 933 5
439 883 469 936 ct
489 868 531 937 26
555 876 641 959 quasi
663 897 722 937 una
746 878 968 940 continuatione
992 890 1021 942 et
1042 891 1145 943 tenore
1169 880 1273 945 decur-

151 1005 232 1070 rant,
265 997 487 1060 commissuram
514 1000 719 1084 agnoscimus,
749 1020 810 1085 qua
834 1015 978 1088 perrupta
1000 1005 1193 1070 inconcinnus
1216 1009 1271 1070 iste

149 1139 268 1203 pannus
292 1118 484 1184 subdebatur.

150 1235 151 1240 ¹
239 1241 429 1309 Prooemium
460 1249 606 1333 epimetri,
638 1269 699 1334 quo
726 1261 809 1312 vates
837 1262 940 1315 noster
961 1248 1097 1316 Deborae
1126 1256 1270 1318 canticum

148 1371 282 1432 imitatur
305 1364 386 1450 (tud.
400 1369 438 1447 V,
455 1368 485 1448 4,
504 1370 539 1449 5;
564 1371 599 1436 cl.
625 1376 711 1438 etiam
727 1373 834 1437 Psalm.
851 1375 985 1452 LXVIII,
1004 1374 1034 1440 9.
1058 1376 1268 1458 Habacuc..lll,

149 1489 287 1580 3sqq.),
319 1467 459 1559 describit
487 1509 598 1582 quanta
626 1499 792 1583 majestate,
829 1520 918 1585 quarn
946 1498 1069 1566 terribili
1097 1515 1270 1591 tempestate

147 1618 267 1707 pluviae
291 1632 320 1682 ct
342 1617 496 1684 sulmInum
521 1624 686 1698 comitatus,
711 1622 827 1686 lebova
850 1645 880 1688 se
896 1624 1033 1690 Israelitis
1050 1649 1103 1712 per
1122 1628 1269 1694 desertum

146 1747 204 1808 iter
231 1743 406 1808 ledentibus
437 1743 603 1823 exhiberet,
633 1760 667 1810 ut
696 1747 790 1835 legem
817 1761 958 1836 tanquam
986 1773 1057 1814 asc
1080 1753 1147 1837 ipso
1172 1750 1270 1814 datam

147 1872 322 1957 acciperent
349 1869 528 1958 ‘Imaginem
558 1893 633 1958 quae
663 1872 816 1936 subIImem
845 1874 921 1938 banc
950 1874 1080 1938 tabulam
1111 1877 1267 1963 complent,

147 1994 185 2059 ad
208 1989 335 2098 ΌἛΙᾎΨ
358 1995 424 2059 illos
448 1999 510 2059 slve
528 1996 708 2062 flammantes
724 1999 780 2062 Ilei
795 2002 945 2064 ministros
961 2003 1138 2086 respiciunt,
1163 2005 1269 2088 quiex

146 2123 291 2186 sententia
309 2090 502 2184 'ludaeorum
530 2121 626 2186 Deum
655 2145 769 2210 semper
798 2125 954 2189 satellitum
985 2128 1079 2189 instar
1102 2124 1266 2214 cingebant,

145 2248 270 2333 ejusque
292 2245 429 2310 mandata
453 2247 700 2333 exsequebantur.
739 2249 803 2314 Hac
826 2248 861 2313 de
884 2272 915 2313 rc
940 2253 1011 2314 satis
1036 2250 1146 2314 dictum
1170 2254 1268 2316 estio

147 2371 366 2438 Commentario
383 2370 420 2434 ad
435 2374 560 2458 primam
575 2385 705 2458 partem3
727 2373 763 2437 cl.
781 2377 867 2437 etiam
882 2387 945 2437 not.
959 2375 997 2438 ad
1012 2374 1061 2438 Ps.
1077 2375 1204 2450 LXVIII,
1217 2373 1265 2438 17.

23 2507 28 2528 ’
143 2498 183 2564 Et
213 2519 305 2584 quum
335 2499 460 2560 seriores
483 2497 587 2561 ludaei
610 2497 807 2583 perhibebant
829 2499 949 2585 angelos
973 2521 990 2562 a
1012 2498 1127 2561 lehova
1150 2503 1180 2561 in
1203 2499 1267 2586 lege

143 2623 276 2689 Mosaica
297 2620 416 2686 serenda
431 2621 581 2686 adhibitos
598 2643 661 2686 esse
678 2618 765 2704 (Acta
781 2623 889 2709 Apost.
903 2624 970 2699 VII,
988 2621 1041 2688 53.
1067 2621 1130 2687 Gal.
1147 2623 1197 2698 Ill,
1214 2621 1265 2689 ¹9.
1346 2641 1353 2660 ¹

143 2747 235 2812 Hebr.
256 2748 294 2822 Π,
320 2745 374 2828 2),
407 2769 440 2810 ea
470 2751 571 2835 opinio
600 2747 750 2812 nitebatur
774 2747 884 2812 Graeca
914 2749 1004 2834 hujus
1033 2748 1090 2810 loci
1118 2752 1264 2812 versione.

143 2872 219 2937 Nam
246 2871 332 2937 LXX
360 2894 416 2958 pro
448 2869 510 2964 ²7²5
540 2865 659 2966 illim
692 2873 763 2938 dant
791 2871 826 2951 ἒξ
860 2872 975 2951 δεξιῶν
1004 2869 1106 2938 αὐτοῦ
1137 2871 1266 2954 ἄγγελοι

143 2989 217 3082 μετ’
235 2993 345 3062 αὐτοῦ.
390 2997 488 3083 Hujus
517 2999 654 3062 versiculi
681 3000 835 3064 lectionem
864 2999 971 3064 mendo
1000 3001 1100 3086 aquuo
1129 2999 1265 3064 laborare

143 3126 216 3188 satis
246 3135 402 3210 appareret
425 3144 463 3186 ex
485 3124 591 3188 vocula
614 3132 682 3214 ΠἾ,
715 3129 740 3188 si
763 3126 839 3189 hanc
862 3147 927 3190 cum
950 3126 1098 3213 plerisque
1121 3129 1265 3212 interpre-

142 3247 224 3313 tibus
247 3247 285 3311 ad
309 3246 499 3313 Chaldaicum
524 3248 569 3312 vel
597 3253 700 3336 potius
723 3250 872 3315 Persicum
897 3259 952 3354 n]
975 3252 1107 3316 edictum
1128 3249 1262 3314 referres.

144 3373 218 3458 Quis
249 3377 324 3437 enim
348 3372 437 3438 lerrct
459 3374 545 3438 talem
569 3374 747 3439 locutionem
771 3375 807 3438 in
826 3375 886 3439 ullo
910 3388 1015 3460 poeta,
1045 3379 1187 3461 quiante
1211 3397 1263 3438 ex·

142 3499 239 3563 silium
263 3498 479 3584 Babylonicum
502 3498 632 3562 vixerit?
658 3499 700 3562 At
722 3499 808 3563 LXX
831 3497 949 3586 quidem
972 3498 1107 3586 legebant
1130 3505 1263 3570 tatum&

142 3631 212 3699 tots
229 3623 332 3710 fortes
353 3647 422 3687 com
443 3646 477 3688 co
501 3624 665 3688 derivantes
687 3631 818 3696 nt'tttttt
834 3647 851 3686 a
867 3621 958 3727 ἾἾΨ.
990 3623 1145 3712 Equidcm,
1170 3645 1262 3710 quum

140 3753 269 3838 primum
287 3752 414 3813 animum
430 3771 525 3812 meum
543 3749 675 3813 adhunc
690 3749 786 3812 locum
803 3749 1008 3836 explicandum
1026 3750 1142 3836 appuli,
1164 3750 1261 3838 legen·

143 3875 214 3940 dum
230 3877 380 3938 autumavi
396 3866 502 3966 nlttsst·
537 3873 613 3938 Nam
629 3873 877 3961 quemadmodum
892 3879 921 3939 in
938 3875 1058 3940 Hannae
1075 3875 1157 3962 quod
1173 3897 1262 3938 voca-

141 4013 192 4064 tur
216 4003 329 4063 cantico
354 3996 384 4082 (l
400 3998 479 4064 Sam.
496 3999 534 4075 ΙΙ,
553 3997 585 4078 3)
609 4000 751 4088 legimus:
774 4001 918 4065 lehovam
941 4023 1005 4065 esse
1020 3995 1116 4094 niti]
1132 3976 1186 4092 bt}
1202 4004 1220 4063 i.
1234 4023 1258 4065 e.

140 4126 248 4193 Deam
270 4125 458 4210 cognitionis,
483 4128 524 4188 ita
547 4124 596 4188 hie
620 4146 739 4212 quoque
763 4127 811 4190 lex
827 4126 881 4190 Dei
904 4147 957 4213 per
980 4125 1097 4214 fulgura
1116 4125 1260 4190 declarata

139 4251 222 4336 ipotls
245 4249 425 4335 copitite'onis
447 4250 588 4336 appellari
610 4254 720 4337 potuit.
757 4250 855 4333 Quum
877 4263 974 4316 tamen
993 4254 1186 4338 inspexissem
1203 4249 1260 4316 Ge·

141 4379 214 4441 senii
227 4375 425 4451 Thesaurum,
442 4374 542 4462 ibique
557 4379 734 4441 invenissem
749 4376 901 4441 Biittcberi
917 4378 1123 4462 conjecturam,
1141 4371 1259 4485 η’]Ψξζ
