3160 5170
757 322 970 434 ...ἲ-ιζ

304 511 452 613 suboluit,
489 534 565 599 vidit
596 547 695 600 tamen
724 530 903 598 vocabulum
931 528 1046 635 Πῆζὶῖ
1075 534 1219 618 respicere
1250 530 1289 596 ad
1316 553 1425 596 nomen

303 634 442 763 '782'th
489 658 540 725 Sic
566 661 643 723 enim
672 657 789 724 scribit:
823 658 955 722 »utinam
984 626 1095 721 moriar
1121 669 1245 722 mortem
1270 656 1425 742 justorum

303 789 325 849 i.
340 807 366 850 e.
385 784 597 860 Israelitarum,
621 787 666 849 uti
690 805 728 848 ex
751 786 826 848 serie
849 785 993 848 orationis
1015 783 1123 869 liquet,
1148 781 1293 846 allusione
1317 779 1357 844 ad
1378 781 1426 845 lit.-

302 922 380 976 teras
403 916 476 982 imi
498 907 589 986 sacta,
614 930 631 971 a
654 907 764 995 quibus
786 908 983 972 israelitarum
1006 929 1114 972 nomen
1137 909 1250 995 incipit.
1296 905 1427 970 Videtur

302 1034 421 1100 illorum
443 1033 604 1099 verborum
628 1055 732 1097 sensns
755 1055 819 1096 esse
841 1032 904 1096 bic:
927 1032 1073 1096 israelitae
1095 1043 1178 1096 tenta
1201 1030 1339 1096 fruentur
1361 1029 1426 1094 seli·

303 1161 404 1235 citato,
435 1158 550 1246 qualem
580 1160 644 1242 ipse
667 1158 739 1221 mihi
761 1179 857 1242 usque
880 1156 919 1221 ad
941 1169 1066 1222 mortem
1090 1169 1179 1243 opto;
1210 1178 1239 1244 q.
1256 1156 1285 1220 d.
1308 1159 1424 1220 utinam

302 1284 375 1349 mihi
398 1286 551 1370 contingat
573 1303 665 1368 aeque
688 1281 872 1346 fortunatum
896 1284 980 1346 mori.
1022 1281 1121 1344 lnnuit
1142 1280 1301 1358 Bileamns,
1324 1293 1424 1346 totum

301 1409 448 1496 populum
468 1408 659 1472 israeliticum
680 1428 735 1495 per
758 1409 856 1472 omnia
879 1405 979 1471 futura
993 1419 1129 1492 tempora
1144 1404 1346 1470 felicissimum
1360 1405 1424 1470 sore

302 1553 398 1620 neque
420 1532 514 1597 ullum
536 1533 645 1597 malum
668 1554 731 1597 esse
754 1545 979 1619 experturum«
1027 1530 1106 1615 Quid
1128 1531 1268 1619 queuis?
1296 1535 1321 1595 si
1344 1531 1423 1595 nllus

302 1654 360 1721 fnit
381 1656 455 1721 liber
470 1653 553 1761 Ἶζὶῖ,
577 1661 603 1720 si
625 1657 691 1722 talis
715 1656 785 1734 suit,
811 1657 927 1744 qualem
950 1679 1005 1744 ego
1027 1659 1172 1743 concipio,
1197 1659 1223 1722 si
1245 1654 1302 1720 sub
1325 1654 1424 1720 fausta

303 1794 332 1846 et
353 1782 474 1866 pacifica
496 1781 668 1848 Solomonis
693 1781 894 1848 dominatione
917 1781 1062 1846 conflatus
1086 1794 1147 1859 est,
1176 1785 1201 1846 si
1224 1781 1326 1846 eodem
1350 1794 1425 1846 tem-

300 1927 375 1992 pore
399 1905 510 1970 editum
533 1920 578 1971 est
600 1906 682 1971 istud
699 1907 821 1972 Bileami
845 1909 1030 1983 vaticinium,
1055 1909 1154 1994 ecquis
1179 1904 1295 1970 dubitet
1315 1928 1423 1993 poema

302 2042 438 2094 nostrum
465 2052 527 2095 non
556 2031 646 2096 modo
677 2032 774 2096 sedem
805 2030 862 2095 sibi
891 2031 1056 2096 vindicasse
1083 2034 1160 2094 inter
1189 2031 1260 2095 alias
1289 2031 1423 2117 ejusdem

302 2157 467 2242 argumenti
496 2159 688 2242 scriptiones,
720 2179 822 2222 verum
849 2160 935 2222 etiam
959 2179 994 2221 eo
1019 2156 1143 2221 consilio
1167 2178 1200 2220 ao
1222 2169 1319 2222 mente
1342 2178 1424 2221 com·

301 2283 433 2366 positum
457 2278 563 2358 luisse,
592 2294 627 2346 nt
649 2282 719 2346 huic
741 2281 817 2346 libro
841 2282 1040 2348 insereretur?
1074 2281 1120 2346 En
1141 2279 1195 2345 tibi
1220 2284 1305 2369 quasi
1327 2284 1422 2347 totius

302 2404 462 2470 cantilenae
493 2428 597 2470 versus
631 2407 827 2484 intercalaris,
863 2409 915 2493 qui
945 2409 971 2470 si
1000 2429 1062 2471 uon
1090 2407 1212 2472 totidem
1241 2405 1356 2484 verbis,
1392 2419 1425 2471 at

231 2546 234 2551 ·
301 2531 515 2617 significatione
549 2544 647 2596 tamen
680 2553 895 2619 usquequaque
924 2534 956 2594 in
984 2530 1060 2622 libro
1089 2529 1253 2596 Jasbarano
1282 2553 1423 2598 resonare

302 2653 419 2733 debuit,
443 2657 558 2721 nullum
581 2657 758 2743 prophetam
781 2668 834 2720 aut
854 2678 953 2744 regem
967 2656 1113 2720 israelitas
1138 2660 1318 2744 apromissa
1331 2655 1424 2722 bene-

302 2779 429 2845 dictione
452 2780 575 2865 dejicere
598 2802 703 2867 posse,
728 2781 819 2845 modo
842 2780 1021 2868 probitatem
1045 2803 1128 2846 suam
1151 2785 1320 2847 retinerent.

624 2998 661 3056 ΙΝ
682 2997 826 3057 PRIMAM
846 2997 1093 3058 rorulentam

389 3151 468 3218 Haec
495 3155 640 3241 particula
670 3154 805 3221 facillima
827 3155 976 3220 intellectu
998 3167 1057 3232 est,
1089 3159 1143 3220 nec
1165 3154 1306 3220 fusiorem
1329 3157 1424 3220 inter·

298 3281 493 3365 pretationem
517 3279 673 3346 desiderat.
710 3281 833 3346 Terram
847 3279 1036 3358 Aramaeam,
1061 3302 1136 3367 quae
1159 3281 1208 3344 hic
1226 3279 1420 3368 significatur,

298 3403 544 3491 Mesopotamiam
569 3427 647 3483 esse,
672 3406 765 3493 liquet
780 3428 818 3470 ex
833 3405 963 3470 secundo
979 3406 1136 3483 versiculo,
1161 3403 1213 3470 ubi
1228 3410 1422 3511 ΕῙΡἯᾛ

299 3544 574 3595 commemorantur.
614 3530 646 3593 ln
670 3553 759 3596 versu
778 3529 828 3595 10.
853 3552 919 3594 eum
934 3531 1065 3596 Veuema
1086 3553 1143 3618 pro
1167 3532 1277 3633 Ἶξῦβ
1301 3530 1420 3594 divisim

298 3659 375 3757 'titp
399 3662 441 3746 tp
463 3653 619 3742 legendum
642 3667 728 3740 puto,
752 3667 787 3718 nt
808 3655 990 3742 respondeat
1011 3661 1086 3758 ¹72²?
1111 3661 1152 3748 lt?
1176 3658 1207 3719 in
1226 3624 1314 3720 rersu
1337 3668 1423 3720 ante-

298 3778 432 3855 cedente,
458 3791 547 3865 atqne
563 3791 597 3842 ut
615 3779 760 3865 particula
775 3786 833 3870 tuf
849 3783 1049 3844 accusativum
1065 3782 1230 3845 comitetur.
1260 3779 1421 3845 Maurerns

296 3903 369 3968 haec
391 3901 482 3968 verba
505 3905 548 3965 sic
569 3902 681 3967 reddit:
713 3916 762 3967 »et
785 3900 866 3991 [quic
888 3915 1035 3986 omnent,
1059 3903 1144 3992 quod
1165 3916 1261 3970 mente
1283 3917 1422 3990 repeten-

297 4027 368 4093 dum
396 4022 457 4108 est]
490 4026 652 4092 secundum
682 4050 838 4092 numerum
867 4024 944 4111 (ecc.
973 4024 1169 4112 adverbialis)
1200 4029 1420 4094 multitudinem

294 4151 442 4216 Israelis«
475 4151 555 4216 ldem
577 4156 754 4241 pronuntiat
775 4153 1008 4218 emendationem
1022 4153 1185 4231 Venemae,
1210 4175 1286 4242 quae
1309 4176 1421 4218 anon-

295 4276 384 4341 nullis
407 4274 490 4341 libris
515 4277 714 4354 confirmatur,
739 4290 839 4366 aperte
861 4279 944 4344 scioli
968 4283 1179 4345 correctionem
1202 4301 1274 4344 esse.
1315 4277 1420 4342 Paral-

294 4397 425 4466 lelismus
447 4401 647 4468 membrorum
671 4406 820 4468 convincit
846 4404 923 4469 banc
948 4404 1103 4470 lectionem
1125 4407 1318 4472 necessariam
1341 4425 1417 4470 esre.
