3164 5176
597 297 810 407 jae-

140 526 233 594 quum
261 507 408 576 israelitae
438 508 537 572 metim
565 505 682 573 liberati
714 529 730 570 a
760 511 902 574 servitute
930 507 1151 596 Aegyptiorum
1181 521 1262 577 bans

139 634 276 702 intimum
293 635 388 704 ¹teraris
407 631 529 699 Arabici
551 654 698 698 recessum
720 631 923 718 trajiciebant,
947 633 1049 700 hostes
1070 646 1186 711 autem,
1212 637 1264 720 qui

140 755 248 828 infesto
273 760 371 825 anieno
392 756 659 844 persequebantur,
684 755 784 822 subito
809 760 897 822 maris
918 757 1037 822 refluxu
1054 757 1155 824 obruti
1170 773 1263 826 erant.
1341 730 1343 734 Ι

141 880 280 949 Secunda
303 885 427 954 victoria
455 882 596 946 miraculo
627 894 712 967 parta
736 905 770 948 ca
793 895 869 959 crat,
900 903 993 969 qumn
1015 882 1109 951 losua
1132 887 1264 971 quinque

141 1005 367 1072 confoederatos
390 1005 593 1073 Amoritarum
622 1027 705 1093 reges
735 1011 899 1094 improviso
927 1007 1050 1073 adortus
1074 1021 1120 1072 est
1142 1021 1172 1072 et
1193 1031 1264 1094 pro-

140 1131 270 1218 fligavit,
294 1135 326 1196 iu
347 1131 494 1218 fugiemm
517 1144 615 1210 autam
638 1130 754 1196 ‚lehova
777 1145 889 1199 tantam
910 1133 1085 1220 grandinem
1110 1133 1156 1196 vel
1179 1143 1264 1198 a'e'ro-

140 1255 283 1323 lithorum
313 1255 435 1322 imbrem
465 1256 583 1342 dejecit,
614 1269 649 1320 ut
676 1257 778 1343 plures
807 1258 865 1322 boc
894 1258 983 1324 modo
1009 1279 1096 1344 quam
1119 1258 1264 1322 Israelita-

140 1403 207 1447 rum
235 1380 335 1468 gladio
364 1384 503 1467 perirent.
547 1380 648 1446 Tertia
669 1382 719 1449 illa
740 1385 865 1447 victoria
886 1395 915 1447 et
934 1385 1046 1469 primae
1068 1397 1097 1448 et
1118 1382 1263 1457 secundae

142 1518 204 1570 erat
230 1527 374 1592 perquam
401 1506 514 1570 similis.
558 1504 636 1570 Nam
666 1506 828 1572 exundatio
855 1507 1011 1572 fluminum
1035 1507 1134 1574 Sisrae
1158 1531 1263 1574 currus

142 1629 252 1707 obruit,
273 1644 303 1698 et
317 1631 419 1698 eodem
435 1643 569 1716 tempore
585 1642 743 1718 tempestas
761 1631 795 1696 de
811 1633 893 1698 coelo
911 1646 1015 1698 contra
1029 1633 1131 1698 hostes
1147 1655 1263 1721 pugna-

141 1754 207 1833 bat,
232 1759 274 1820 ita
295 1769 331 1820 ut
344 1755 501 1844 Baraquus
524 1753 602 1820 sacili
617 1758 741 1822 victoria
764 1761 921 1842 potiretur¹
956 1759 989 1822 ln
1012 1759 1059 1822 his
1083 1757 1183 1836 divina
1206 1781 1263 1846 ope

140 1884 233 1968 partis
257 1884 389 1947 victoriis
413 1880 587 1949 versabatur
616 1903 714 1948 rerum
736 1881 960 1948 Israeliticarurn
989 1883 1088 1948 cardo.
1135 1881 1210 1948 Nam
1235 1887 1263 1947 si

140 2006 257 2077 Pharao
283 2029 334 2072 eos
358 2019 511 2074 assecutus
535 2020 624 2083 essct,
650 2009 676 2070 si
696 2028 780 2094 reges
795 2007 949 2072 Amoritac
965 2009 1213 2094 triumphassent,
1238 2011 1263 2070 si

139 2131 297 2218 Baraquus
325 2131 451 2204 ferezeum
474 2130 573 2195 labini
595 2131 704 2217 J'ngmn
728 2145 865 2196 excutere
888 2156 950 2198 non
972 2135 1143 2219 potuisset,
1165 2145 1262 2196 ectum

140 2255 246 2320 luisset
269 2256 304 2322 de
328 2257 421 2322 salute
445 2269 474 2320 et
489 2259 645 2322 securitate
661 2256 766 2343 populi
783 2257 874 2322 electi.
910 2257 1010 2344 Atque
1026 2261 1081 2322 ista
1097 2260 1154 2322 tria
1170 2257 1263 2320 divini

139 2379 252 2451 favoris
280 2381 456 2447 documenta
484 2380 587 2446 eodem
610 2381 727 2446 saeculo
751 2381 906 2458 accidisse,
935 2380 1145 2447 demonstrabo
1170 2404 1262 2467 quum

139 2507 179 2570 ad
201 2506 312 2576 Josuae
334 2511 488 2574 victoriam
519 2529 678 2574 accessero.
725 2506 790 2570 lam
814 2529 885 2572 vero
914 2505 949 2570 de
971 2510 1067 2593 prima
1088 2505 1262 2572 liberatione

137 2654 235 2718 pauca
258 2645 329 2699 suut
352 2655 427 2720 quae
451 2634 529 2701 diota
552 2634 648 2698 velim.

231 2755 288 2822 Ubi
317 2771 346 2822 ct
375 2781 434 2846 qua
462 2762 577 2824 ratione
608 2757 747 2822 Israelitis
771 2760 819 2830 via
847 2780 901 2843 per
930 2779 1009 2821 mare
1037 2755 1184 2842 patefacta
1213 2759 1260 2833 sit,

140 2886 252 2970 optime
275 2896 305 2946 ct
326 2883 436 2954 affatim
461 2884 631 2970 explanavit
652 2881 895 2950 Rosenmiillerus
920 2877 971 2963 (ad
993 2880 1092 2946 Exod.
1109 2881 1190 2960 XIV,
1208 2880 1260 2958 21,

140 3004 207 3092 22).
241 2993 434 3075 Demonstrat
455 3012 532 3074 enim
556 3010 737 3094 trajectionis
761 3008 861 3071 locurn
884 3029 947 3073 esse
967 3011 1162 3072 arctissimum
1178 3010 1261 3082 sinus

140 3131 296 3202 Suescnsis
320 3155 482 3212 recessum,
513 3133 566 3197 ubi
588 3132 724 3198 Diodoro
749 3146 869 3198 auctore
894 3127 956 3213 (lll,
981 3155 1011 3219 p.
1031 3131 1107 3215 172)
1133 3131 1261 3210 latitudo

138 3261 228 3322 maris
258 3271 303 3323 cst
329 3261 443 3326 circiter
467 3258 634 3345 quindecim
658 3257 832 3324 stadiorum.
878 3255 991 3323 Deinde
1014 3270 1135 3322 ventum
1159 3261 1260 3359 Dt'ffi,

139 3386 193 3470 qui
221 3405 275 3469 pcr
302 3396 396 3453 totam
424 3397 540 3450 noctem
570 3383 687 3448 llavisse
718 3382 839 3459 dicitur,
869 3403 931 3445 non
955 3403 1018 3444 csse
1040 3378 1180 3463 numm,
1210 3383 1262 3466 qui

72 3499 78 3509 ⁵
138 3507 248 3572 fluetus
275 3512 307 3574 in
335 3509 418 3574 littus
447 3508 620 3580 Africanum
650 3508 765 3584 facilius
794 3509 943 3596 potuisset
971 3506 1135 3592 impellere,
1172 3527 1261 3591 quarn

140 3655 232 3720 aquas
257 3633 401 3710 dividere,
426 3634 478 3699 scd
494 3646 615 3699 ventum
637 3634 812 3716 violentum,
838 3635 903 3720 qui,
927 3643 963 3702 ut
978 3630 1068 3704 ,locus
1084 3634 1148 3717 ipse
1165 3629 1260 3706 docet,

140 3781 158 3821 a
180 3759 402 3844 septentrionali
424 3763 545 3846 regione
570 3758 720 3824 descendit
743 3753 824 3838 (vide
839 3755 916 3820 infra
931 3755 969 3819 ad
984 3754 1053 3819 Jud.
1070 3754 1108 3833 V,
1127 3752 1259 3836 9-11).

138 3883 178 3946 Et
202 3905 293 3970 quum
310 3885 466 3948 verisimile
489 3902 550 3947 non
575 3887 613 3948 sit
636 3885 700 3949 solo
719 3894 807 3948 vento
828 3904 910 3945 enare
932 3885 974 3945 ita
997 3881 1096 3967 repelli
1116 3885 1259 3968 potuisse,

138 4021 174 4072 ut
202 4008 348 4072 vadosum
376 4008 472 4086 fieret,
503 4013 592 4072 maris
621 4009 784 4085 refluxum,
815 4009 864 4071 illo
894 3978 961 4094 ipso
990 4019 1122 4092 temporo
1151 4019 1259 4083 ortum,

138 4135 265 4198 multum
289 4133 464 4211 contulisse,
495 4147 531 4198 ut
551 4133 584 4196 id
607 4133 779 4212 efficeretur,
806 4132 888 4220 quod
912 4132 994 4197 solus
1017 4145 1124 4198 ventus
1148 4130 1260 4195 efficere

138 4281 200 4323 non
222 4261 332 4346 potuit.
368 4258 523 4324 Praeterea
546 4258 584 4322 ad
605 4259 755 4350 refluxum
778 4257 912 4352 accedere
935 4260 1085 4343 potuisse,
1111 4255 1193 4344 qnod
1208 4279 1261 4342 pcr

139 4384 318 4472 singularem
340 4382 395 4448 Dei
417 4383 650 4471 providentiam,
673 4381 755 4453 tero
779 4383 830 4450 illo
848 4382 1019 4450 vehemente
1042 4395 1158 4458 exorto,
1183 4379 1261 4444 redi-

993 4501 1046 4556 16·
