3164 5176
684 275 688 284 ’
758 327 972 442 ..εσ-

306 559 362 625 quc
383 537 462 602 illam
486 536 559 602 adeo
582 534 727 602 imbellem
751 549 928 602 armaturam
949 542 1034 604 -in
1057 539 1193 606 manibus
1216 554 1373 627 portarent
1382 536 1428 624 'li

303 663 404 759 ltaque
431 673 525 728 totam
552 665 749 728 narrationem
779 665 850 726 satis
880 663 1060 730 enucleatam
1083 664 1233 742 videmus,
1264 669 1291 730 si
1313 667 1362 731 vel
1389 667 1427 732 ad

305 786 409 875 oppidi
437 786 567 852 Sisranei
601 809 709 853 nornen
738 790 808 852 satis
838 790 968 864 animum
996 788 1184 854 attendimus.
1227 791 1427 878 Lignatorum

303 911 467 999 praefectus
496 925 585 1000 atque
616 911 849 988 administrator,
881 912 964 1004 quod
992 936 1078 1001 saepe
1106 915 1154 991 fic,
1185 915 1425 1002 alignatorihus

305 1041 377 1114 suis,
401 1040 452 1125 qui
475 1061 506 1103 se
528 1059 585 1124 pro
608 1059 639 1102 re
662 1051 731 1102 nata
753 1037 942 1124 bipennibus,
966 1041 1062 1116 asciis,
1087 1052 1117 1104 et
1137 1039 1268 1104 dolabris
1292 1061 1426 1106 armare·

304 1154 385 1239 rant,
413 1163 545 1227 devictus
569 1176 630 1238 cst,
655 1175 684 1228 et
706 1161 821 1249 fugiens
844 1161 1039 1228 miserabilem
1061 1164 1276 1251 ingloriamque
1298 1177 1426 1230 mortem

305 1286 453 1352 occubuit.
481 1287 516 1352 ld
531 1288 640 1358 scilicet
655 1286 823 1352 decreverat
837 1285 961 1362 Jehova,
981 1291 1033 1374 qui
1048 1287 1136 1354 fidem
1151 1311 1274 1354 suorum
1290 1293 1424 1376 praemio

267 1403 273 1420 ⁸
305 1425 443 1488 coronat,
476 1416 528 1499 qui
555 1415 615 1476 imo
640 1410 675 1476 de
703 1411 799 1498 gradu
820 1411 899 1476 tollit
924 1411 1064 1488 humiles,
1095 1410 1242 1499 superbos
1266 1427 1365 1478 autem
1389 1413 1424 1480 de

305 1559 418 1602 summa
441 1536 510 1602 sede
533 1536 665 1623 deponit.
874 1617 878 1623 Δ

391 1661 425 1726 ll.
456 1661 500 1726 De
520 1661 710 1749 prophetissa
725 1663 790 1747 ipsa
805 1663 933 1746 primum
950 1673 994 1725 est
1009 1661 1244 1740 observandum,
1268 1685 1332 1727 cam
1348 1667 1425 1728 anti-

286 1791 496 1875 quioremque
519 1786 683 1863 Deberem,
710 1783 858 1850 Rebeccae
881 1789 1040 1862 nutricem,
1069 1785 1147 1850 idem
1170 1809 1277 1852 nomen
1300 1789 1424 1854 eandem

304 1912 401 1976 sedem
424 1911 574 1976 habuisse.
609 1909 684 1974 Nam
708 1909 791 1997 quod
806 1922 892 1976 vetus
907 1910 958 1974 illa
972 1910 1029 1976 sub
1046 1935 1160 1998 quercea
1176 1913 1292 2000 sepulta
1307 1911 1422 1990 luisset,

227 2063 228 2066 ¹
305 2057 379 2124 quae
406 2049 565 2122 propterca
588 2047 735 2122 »quercus
758 2034 876 2098 luctus«
899 2049 976 2102 esset
998 2049 1105 2100 vocata
1127 2033 1213 2117 (Gen.
1229 2037 1359 2113 XXXV,
1377 2035 1422 2120 8),

303 2162 376 2225 haec
404 2173 499 2224 autem
525 2173 628 2224 nostra
645 2160 697 2244 jus
721 2157 830 2224 diceret
852 2159 909 2224 sub
927 2161 1055 2244 pulmo,
1087 2183 1162 2248 quae
1185 2165 1279 2248 ipsius
1302 2165 1423 2228 nomine

304 2285 501 2373 appellaretur
524 2279 606 2366 (lud.
622 2284 672 2360 IV,
690 2283 721 2361 lt,
739 2280 783 2366 5),
807 2284 954 2349 tantillum
974 2284 1006 2348 id
1022 2285 1234 2372 discrepantiae
1248 2308 1335 2352 nemo
1351 2310 1423 2354 sane

303 2409 431 2497 urgebit.
466 2411 544 2474 Inter
559 2409 681 2474 Rumam
704 2411 797 2496 igitur
819 2422 848 2472 ct
862 2407 1011 2475 bethelem
1035 2409 1072 2474 ab
1095 2414 1307 2498 antiquissimis
1326 2435 1423 2500 usquc

303 2534 486 2623 temporibus
509 2537 540 2598 in
563 2535 677 2600 honore
700 2533 758 2597 suit
772 2532 908 2598 chorae
932 2549 961 2598 et
976 2557 1083 2602 nomen
1099 2549 1129 2600 ct
1144 2535 1242 2602 arbor.
1275 2537 1422 2624 Equidem

304 2665 411 2749 opinor
434 2682 542 2724 nomen
565 2655 642 2723 illud
662 2658 870 2746 appellativum
898 2662 1000 2745 potius
1023 2645 1115 2726 fuisse
1139 2683 1226 2748 quarn
1249 2666 1422 2749 proprium:

304 2801 332 2852 ct
354 2785 479 2850 sortasse
502 2784 539 2848 ab
565 2784 702 2849 omnibus
724 2785 922 2870 prophetissis
945 2785 1161 2873 usurpabatur,
1191 2809 1265 2872 quac
1289 2787 1325 2852 de
1347 2801 1423 2852 tern-

302 2933 375 2999 pore
404 2915 435 2974 in
462 2923 580 2996 tempus
610 2908 667 2973 sub
696 2909 745 2973 illa
774 2908 880 2974 arbore
909 2909 955 2974 vel
979 2911 1031 2994 jus
1060 2909 1190 2976 dicerent
1216 2912 1263 2975 vel
1288 2911 1421 2978 dehovae

304 3036 423 3102 oracula
450 3039 690 3120 pronunciarent.
738 3027 859 3137 mm
894 3037 970 3098 enim
1000 3048 1045 3099 cst
1072 3037 1155 3121 opta,
1189 3034 1339 3120 μέλισσα,
1374 3039 1420 3102 vel

302 3183 411 3246 neapo,
443 3159 537 3244 σφήξ.
582 3160 675 3246 Apud
697 3172 810 3225 veteres
834 3129 954 3247 quidem
976 3159 1143 3248 Aegyptios
1167 3163 1236 3246 oph
1258 3161 1304 3226 vel
1326 3185 1422 3250 coepe

303 3283 486 3373 significabat
513 3307 659 3371 repham:
688 3289 764 3350 inter
788 3284 916 3350 Graecos
946 3298 1042 3350 autem
1069 3284 1218 3370 μελίσσης
1244 3309 1353 3352 nomen
1375 3290 1421 3352 in·

298 3409 480 3498 jungebatur
495 3433 556 3474 non
570 3411 661 3474 modo
676 3413 773 3498 poetis
790 3413 972 3496 poetriisque
988 3413 1189 3488 communiter,
1214 3433 1316 3476 verum
1332 3416 1420 3476 etiam

302 3535 505 3600 sacerdotibus
527 3536 653 3623 Magnae
676 3535 797 3611 Matris,
823 3548 852 3599 et
868 3535 938 3599 Vati
961 3535 1119 3622 Delphicae
1126 3539 1303 3631 ‚speciatim
1343 3536 1421 3602 Hinc

300 3661 447 3727 Pindarus
472 3661 507 3724 de
531 3662 651 3726 oraculo
676 3659 839 3746 Cyrenaico
862 3663 904 3724 ita
926 3660 1075 3748 loquitur:

307 3865 514 3878 ...ηρ-ψ

378 3998 397 4068 ¹)
428 3994 573 4052 Curandum
592 3981 716 4065 imprimis
735 4011 767 4048 ne
785 4011 877 4068 magna
894 3995 987 4064 injuria
1005 3994 1050 4048 flat

425 4103 547 4158 Fortibus
567 4111 591 4158 ct
609 4104 724 4158 miseria:
743 4101 820 4156 tollas
838 4101 898 4156 licet
917 4118 990 4156 omne
1010 4100 1080 4172 quod
1100 4117 1207 4172 usquam
1227 4110 1267 4158 eat

425 4212 489 4266 Auri
508 4219 584 4282 atquc
602 4211 714 4283 argenti,
734 4218 834 4264 scutum
853 4208 1019 4282 gladiumque
1036 4207 1166 4280 relinques

424 4318 458 4372 Et
472 4316 558 4388 jacula
575 4325 602 4373 ct
618 4317 731 4392 galeam
750 4316 866 4389 spoliatis
886 4334 954 4372 arma
973 4323 1121 4388 supersunt.

1064 4423 1126 4478 duv.
1137 4420 1211 4490 Vlll,
1227 4419 1273 4478 121
1289 4438 1347 4492 sqq.
