3166 5178
827 328 876 400 10

290 541 442 603 emitteret.
478 536 543 601 Jam
566 557 638 601 vero
662 538 759 600 cuncti
783 534 894 600 indices
916 536 1101 601 Matthaeum
1124 548 1153 600 ot
1169 536 1316 600 Thomam
1339 557 1415 622 pro·

289 666 361 726 ximi
389 662 455 725 ioco
486 662 661 746 conjunctos
690 635 817 746 ponunt.
867 658 956 742 Quod
985 663 1010 723 si
1039 682 1243 748 comparamus
1266 661 1358 725 Marc.
1374 661 1409 738 Π,

292 784 332 851 13
344 823 379 833 -
393 783 443 848 17.
467 785 538 849 Luc.
556 785 593 861 V,
612 779 653 848 27
667 821 702 831 -
714 782 766 848 32.
791 805 857 847 cum
879 783 986 848 Matth.
1003 784 1060 862 IX,
1081 783 1148 850 9-
1163 782 1218 860 13,
1244 783 1410 848 videbimus

288 911 472 976 Matthaeum
495 931 557 972 non
580 909 669 972 aliurn
692 906 783 972 inisse
807 930 840 971 ac
861 907 980 985 Levim,
1009 908 1136 995 Aiphaci
1160 909 1262 972 filium.
1309 909 1410 996 Atque

289 1034 371 1099 haud
394 1038 454 1098 scio
478 1056 516 1096 an
531 1035 696 1114 Λεββαῖος
712 1045 741 1096 ct
757 1002 940 1118 Θαδδαῖος,
964 1035 1016 1119 qui
1039 1036 1070 1096 in
1091 1031 1243 1120 prioribus
1268 1033 1409 1121 catalogis

290 1159 432 1224 decimum
454 1159 552 1222 locum
575 1156 723 1233 obtinent,
749 1155 872 1220 eundem
888 1157 968 1220 hunc
983 1156 1110 1244 Adphaei
1125 1157 1218 1221 filiurn
1234 1157 1406 1244 significent,

289 1297 325 1348 ut
346 1284 393 1347 ille
418 1286 457 1346 sit
472 1284 571 1356 Λευὶς
594 1276 611 1345 ὅ
634 1283 691 1345 τοῦ
710 1276 886 1366 Ἁλφαίου,
909 1281 957 1345 hic
980 1295 1077 1346 autem
1096 1281 1298 1346 confusionem
1314 1303 1408 1368 quan-

291 1407 357 1471 dam
385 1418 585 1492 repraesentet
613 1408 689 1470 inter
712 1410 779 1475 ῚἾὍ
808 1417 837 1468 et
859 1409 932 1474 int)
956 1399 1094 1487 (duo).
1142 1404 1298 1492 Utcunque
1321 1428 1356 1470 ea
1377 1429 1408 1470 se

289 1554 336 1596 res
359 1530 478 1607 habuit,
503 1533 603 1594 mirari
618 1527 700 1593 subit
715 1529 798 1615 quod
815 1529 844 1592 T
842 1528 949 1594 domos
968 1528 1088 1634 &pret-t
1109 1533 1129 1592 i.
1147 1551 1170 1593 c.
1193 1528 1326 1612 δίδυμος
1345 1533 1363 1593 i.
1381 1552 1406 1594 e.

290 1656 469 1744 »gemelius«
494 1650 553 1736 (do.
570 1654 626 1731 XI,
646 1651 703 1731 60,
727 1653 802 1730 XX,
822 1649 892 1734 20),
918 1657 969 1740 qui
992 1675 1010 1716 a
1029 1653 1173 1718 Matthaei
1196 1655 1285 1718 latere
1310 1653 1408 1718 divelli

289 1804 351 1846 non
372 1793 487 1867 potest,
519 1801 585 1843 cum
608 1777 770 1842 Thaddaeo
794 1778 844 1842 illo
869 1791 898 1842 et
919 1776 998 1842 Juda
1020 1776 1057 1841 ab
1082 1779 1290 1844 ecclesiasticae
1313 1777 1408 1842 histo-

289 1909 349 1970 riae
372 1901 567 1990 scriptoribus
591 1901 784 1967 consunditur
807 1915 836 1966 et
857 1915 1051 1988 permutatur.
1097 1901 1245 1967 Eusebius
1268 1905 1345 1966 enim
1366 1907 1408 1968 ita

290 2028 392 2093 scribit
415 2023 464 2109 (H.
481 2026 516 2090 E.
532 2027 559 2103 1,
581 2023 630 2090 13.
654 2049 684 2112 p.
702 2023 755 2090 79.
771 2021 960 2106 Heinichen):
991 2027 1150 2110 Θωμᾶς,
1178 2029 1243 2092 τῶν
1265 2023 1406 2092 ἀποστό-

292 2151 358 2217 λων
373 2148 417 2226 εἷς
432 2150 497 2215 τῶν
514 2145 678 2226 δυώδεκα,
705 2148 913 2214 Θαδδαῖον
928 2145 996 2216 τὸν
1020 2147 1202 2238 ἀδελφὸν
1222 2151 1259 2217 ἐν
1274 2144 1407 2240 ἀριθμῷ

290 2281 345 2340 καὶ
367 2271 469 2341 adedo
487 2278 552 2340 τῶν
567 2271 788 2370 ἑβδομήκοντα
803 2273 860 2338 τοῦ
874 2278 1017 2359 Χριστοῦ
1031 2276 1191 2360 μαθητῶν
1206 2275 1407 2362 κατειλεγμέ-

289 2422 348 2467 νον
363 2399 416 2465 ἐπὶ
431 2395 653 2486 τῆνἝδοσσαν
668 2397 831 2483 ἐκπέμπεν,
846 2398 899 2462 ubi
914 2422 976 2464 non
992 2422 1093 2464 omnes
1110 2400 1225 2466 codices
1242 2415 1408 2490 agnoscunt

288 2523 345 2592 οδν
367 2520 515 2611 eccepto
536 2539 607 2612 post
624 2523 796 2589 Θαδδαῖον
818 2527 976 2602 insertum3
1001 2537 1030 2588 et
1050 2547 1154 2589 rursus
1172 2521 1213 2611 (p.
1231 2521 1303 2616 82):
1326 2523 1407 2590 ἀπέ-

290 2649 413 2716 στειλεν
435 2647 522 2738 αὐτῷ
545 2648 578 2730 (ἰ.
596 2673 620 2714 e.
635 2645 795 2736 Ἆβγάρῳ)
814 2645 839 2713 '1
845 2645 890 2713 ον’
898 2648 983 2725 δας,
1007 2641 1024 2714 ὅ
1049 2652 1115 2712 κα)
1131 2652 1288 2732 Θωμᾶς,
1313 2650 1407 2716 Θαδ-

291 2773 385 2840 δαῖον
406 2770 464 2839 cdv
487 2771 688 2848 ἀπόστολον,
710 2775 769 2837 ἕνα
790 2772 854 2836 τῶν
876 2770 1105 2857 ἑβδομήκοντα.
1151 2771 1236 2838 Unde
1259 2775 1406 2862 Hierony-

288 2922 354 2964 mus
379 2894 427 2980 (ἰο
451 2921 475 2962 ο.
497 2893 736 2978 X.'Matthaei):
767 2896 991 2962 »Τδοδδαοαοο
1019 2899 1189 2985 apostolum
1213 2900 1407 2965 ecclesiastica

288 3023 379 3092 tradit
398 3024 524 3088 historia
544 3025 667 3086 missum
681 3021 823 3086 Edessam
844 3022 882 3086 ad
896 3021 1051 3110 Abgarum
1069 3046 1167 3110 regem
1184 3023 1405 3102 Chosdroenae‚

289 3152 341 3236 qui
363 3149 400 3213 ab
424 3148 604 3235 evangelista
624 3147 705 3212 Luca
727 3146 830 3212 Jodos
844 3146 970 3230 Jocott,
995 3161 1025 3212 et
1047 3148 1117 3212 aiibi
1140 3149 1305 3235 appellatur
1322 3149 1405 3214 Leo-

289 3277 391 3356 docus,
408 3272 490 3360 quod
505 3275 715 3358 interpretatur
729 3273 907 3356 Θονοαῑαοος
925 3272 1159 3360 credendumque
1176 3287 1220 3338 est
1236 3297 1302 3338 eum
1315 3273 1406 3340 fuisse

288 3398 496 3486 τριώνομον.«
544 3396 649 3462 Omnia
677 3398 749 3462 haec
776 3419 838 3462 non
866 3399 937 3461 satis
961 3398 1106 3484 explicata
1128 3397 1318 3476 habebimus,
1348 3403 1406 3464 nisi

287 3525 334 3588 his
357 3526 479 3608 positis,
515 3518 562 3605 (i)
585 3522 769 3588 Matthaeum
793 3536 822 3587 et
845 3523 992 3586 Thomarn
1015 3521 1118 3588 fratres
1142 3495 1280 3611 gemellos
1304 3523 1405 3602 fuisse,

287 3649 364 3712 filios
388 3647 530 3734 Alphaei3
555 3642 601 3728 (2)
626 3648 656 3711 T
653 3647 777 3712 tomam
799 3669 963 3736 cognomen
978 3647 1083 3725 inisse,
1108 3671 1212 3716 verum
1227 3653 1283 3714 viri
1298 3673 1406 3714 nomen

287 3771 423 3856 Judom5
459 3767 505 3854 (3)
536 3772 625 3836 alium
648 3771 739 3836 inisse
762 3772 881 3838 Jodom
909 3774 994 3858 cujus
1025 3795 1188 3862 cognomen
1211 3774 1301 3840 suerit
1322 3775 1405 3840 Lao-

288 3900 398 3981 boeos;
437 3892 483 3979 (li)
514 3897 717 3962 Tbaddaeum
744 3897 836 3962 fuisse
866 3897 952 3960 aliam
980 3901 1108 3963 nominis
1137 3898 1241 3965 Jodoe
1271 3899 1404 3974 sormam,

287 4045 354 4088 nam
377 4022 559 4109 Apostolum
583 4021 730 4110 Syrorum
757 4035 817 4086 tam
839 4014 890 4104 ..ξί
915 4043 1002 4108 mam
1025 4021 1087 4106 ,οἱ
1114 4025 1291 4111 appellatum
1315 4024 1405 4091 fuisse

288 4161 419 4224 constat,
450 4143 496 4230 (5)
523 4148 552 4213 Τ
549 4147 673 4213 domam
694 4150 845 4234 propriam
868 4159 952 4212 suam
976 4147 1242 4216 denominationem
1266 4149 1406 4236 abjecisse
1486 4172 1490 4176 ·

287 4295 324 4336 ne
353 4295 419 4337 cum
444 4272 523 4338 Juda
550 4273 600 4337 ilio
630 4273 677 4338 vel
701 4271 863 4337 Thaddaoo
896 4258 1134 4340 confundebatur.
1181 4275 1224 4339 At
1252 4278 1318 4362 quis
1349 4273 1406 4339 fuit

288 4397 335 4461 ille
358 4396 467 4475 Judas,
493 4401 544 4484 qui
563 4390 716 4480 Ἰάκωβον
738 4392 967 4483 cdviii-coaice
991 4398 1171 4466 comitatur?
1196 4399 1243 4480 Si,
1268 4401 1300 4466 id
1323 4399 1406 4487 quod
