3152 5160
705 372 753 444 63

166 582 270 644 simus.
316 573 461 644 Nimirum
489 591 589 646 reatus
619 580 697 644 illius
728 583 869 667 primitivi
900 581 1046 668 duplicem
1069 587 1174 669 posuit
1195 597 1287 648 matc-

166 707 250 770 riem.
287 701 390 769 Oritur
412 708 488 770 enirn
510 717 571 770 tam
594 728 610 770 e
633 709 727 770 carnis
745 710 997 795 concupiscentm‚
1023 729 1099 796 quae
1115 712 1287 796 praesertim

166 832 199 894 in
216 827 340 894 ¹senuali
369 833 503 916 appetitu
525 844 674 908 versatur,
706 853 794 919 quam
824 854 839 896 e
867 833 973 898 carnali
996 837 1178 920 arrogantia,
1211 855 1286 922 quae

166 953 223 1018 Dei
244 955 391 1021 mandatis
414 977 538 1042 prorsus
555 960 661 1044 spretis
679 970 708 1023 et
725 956 845 1042 abjectis
865 959 978 1024 coelum
995 981 1167 1046 oppugnare
1183 981 1287 1047 aggre-

168 1079 249 1144 ditur
278 1093 308 1144 et
328 1079 424 1144 Deum
454 1085 644 1169 aequiparare
668 1083 765 1148 audet.
813 1083 867 1148 Hic
890 1088 1013 1172 propria
1035 1084 1118 1150 verbi
1141 1084 1286 1171 significa-

167 1209 249 1272 tione
277 1205 313 1270 dc
338 1206 480 1271 machinis
502 1208 559 1272 illis
584 1211 645 1274 sive
668 1194 828 1315 nlmll'l
850 1209 933 1296 loqui
955 1233 1133 1297 possumus,
1165 1209 1283 1296 quibus,

166 1343 203 1396 ut
225 1353 317 1418 supra
338 1331 481 1408 vidimus,
512 1333 603 1398 homo
627 1336 755 1398 natiram
777 1333 956 1420 probitatem
980 1335 1184 1422 derelinquens
1208 1338 1285 1400 tiam

167 1455 226 1522 sibi
249 1459 390 1544 corrupit.
425 1455 486 1523 Sed
508 1457 544 1522 de
567 1471 687 1545 peccato
710 1462 850 1524 universo
873 1463 904 1524 in
920 1483 1004 1526 carne
1021 1460 1180 1548 depravata
1196 1482 1286 1548 quae·

167 1582 260 1648 rendo
295 1581 390 1647 fusius
425 1583 559 1670 loquitur
586 1582 753 1670 Apostolus
788 1588 819 1650 in
848 1585 984 1672 Epistola
1017 1584 1055 1650 ad
1082 1584 1285 1652 Romanenses

168 1730 192 1772 c.
211 1707 291 1785 VIII,
322 1707 374 1774 ubi
402 1709 546 1797 generalis
576 1713 720 1774 sententia
742 1711 887 1776 versiculo
918 1723 1003 1776 sexto
1031 1713 1214 1776 continetur:
1248 1704 1284 1774 cd

168 1833 325 1920 φρόνημα
347 1833 401 1919 τῆς
424 1827 570 1919 σαρκὸς
592 1835 783 1912 θάνατος,
806 1830 842 1900 ad
868 1833 905 1901 ot
922 1833 1075 1921 φρόνημα
1089 1834 1147 1899 cori
1164 1835 1285 1900 πνεύ-

167 1980 293 2042 ματος
316 1955 389 2044 ζωὴ
413 1965 468 2024 καὶ
490 1959 639 2046 εῖρήνη,
663 1951 812 2028 »studium
837 1961 940 2027 cornis
960 1983 1041 2026 mors
1063 1973 1122 2037 est,
1148 1960 1201 2027 sed
1221 1974 1285 2027 stu·

168 2084 250 2150 diurn
272 2085 398 2172 spiritate
420 2089 481 2150 rita
499 2098 549 2150 est
571 2097 600 2150 et
622 2087 848 2174 tranquillitas«
892 2086 993 2174 Atque
1016 2075 1093 2152 idem
1117 2085 1284 2172 Apostolus

166 2209 245 2275 idem
273 2224 477 2298 argumentum
500 2212 563 2296 jam
587 2223 671 2278 antea
693 2216 725 2277 in
747 2212 883 2299 Epistola
905 2211 943 2276 ad
967 2211 1084 2277 Galatas
1109 2207 1146 2294 (c.
1159 2208 1201 2293 V)
1225 2225 1285 2276 tra·

168 2348 311 2413 curerat,
337 2337 563 2424 ostenderetque
587 2358 675 2425 quarn
696 2341 815 2425 penitus
839 2341 916 2403 inter
939 2361 969 2402 sc
986 2339 1111 2402 militent
1126 2336 1285 2425 depravata

97 2461 101 2466 ’
166 2461 217 2527 illa
240 2461 334 2544 σάρξ,
358 2475 389 2527 ct
411 2461 543 2528 divinum
566 2462 680 2528 homini
702 2486 719 2528 a
739 2463 803 2527 Deo
827 2466 1002 2549 inspiratum
1025 2465 1163 2546 πνεῦμα.
1197 2462 1285 2527 »Μο-

166 2609 224 2652 neo
249 2601 376 2664 autern«‚
400 2589 497 2675 inquit
520 2583 561 2670 (v.
581 2584 644 2669 16),
670 2600 725 2653 »ut
740 2589 851 2673 spirito
868 2582 1051 2670 (πνεύματι)
1068 2585 1231 2660 ambuletis,
1256 2565 1291 2649 et¹

167 2715 445 2800 conmqrisccotiaoa
467 2715 569 2780 corais
591 2709 785 2796 (ἐπιθυμίαν
806 2708 932 2798 σαρκὸς)
954 2711 1143 2777 nullomodo
1160 2711 1284 2796 amplius

166 2839 333 2927 perficietis.
382 2839 462 2904 Caro
485 2842 561 2904 enirn
588 2840 774 2924 consopierit
795 2833 826 2924 (ἢ
850 2835 930 2920 σὰρξ
953 2832 1118 2922 ἐπιθυμεῖ)
1142 2836 1284 2931 adversus

166 2965 310 3054 spiritam
315 2948 330 3048 ,l
357 2965 484 3051 spiritus
511 2977 609 3029 autem
638 2963 780 3029 adversus
804 2987 936 3030 caruem.
982 2963 1061 3028 Haec
1084 2966 1186 3049 utique
1208 2965 1285 3028 invi-

167 3112 230 3155 cem
255 3102 457 3176 opponuntur‚
483 3103 571 3178 atque
592 3090 663 3156 haec
677 3088 757 3154 lucta
771 3113 826 3157 vos
842 3088 977 3176 impedit,
1003 3092 1162 3177 quominus
1177 3087 1284 3152 liberae

167 3217 316 3282 voluntati
344 3216 519 3304 obsequium
548 3219 734 3302 praestetis«
785 3214 880 3280 Addit
909 3227 1007 3279 autern
1037 3209 1084 3296 (v.
1106 3207 1183 3294 24):
1214 3215 1285 3299 »qui

168 3341 283 3408 Christi
311 3354 383 3408 sunt
413 3363 537 3408 carnem
565 3363 630 3406 eum
656 3344 795 3428 passione
818 3341 881 3425 ejus
905 3351 934 3404 et
956 3340 1192 3424 concupiscentia
1215 3330 1285 3421 (τῆν

168 3467 273 3553 σάρκα
297 3463 355 3532 cto
377 3475 444 3543 τοῖς
466 3467 642 3552 παθήμασι
663 3471 717 3530 καὶ
739 3475 809 3540 ταῖς
824 3459 1026 3546 ἐπιθυμίαις)
1043 3466 1121 3527 eruci
1135 3462 1284 3526 fixerunt«
1376 3469 1379 3476 '

171 3629 209 3644 -
228 3597 248 3657 i.
262 3615 286 3657 e.
303 3592 422 3658 eandem
440 3614 528 3681 quarn
544 3591 681 3657 Christus
700 3595 762 3677 ipse
779 3593 946 3654 ovationem
963 3588 1154 3654 celebrarunt.
1187 3585 1285 3669 Quum

166 3717 278 3786 ibidem
299 3717 413 3784 fruetus
436 3721 608 3806 utriusque,
637 3730 698 3782 tam
721 3717 823 3782 carnis
846 3738 934 3803 quam
956 3716 1096 3802 spiritns,
1121 3713 1286 3780 dinumerat

168 3839 232 3926 (vv.
252 3838 414 3925 19-23),
438 3847 564 3930 propius
589 3846 673 3908 etlam
697 3841 801 3907 alludit
825 3841 862 3906 ad
884 3840 1005 3906 arbores
1021 3841 1088 3906 illas
1103 3839 1286 3907 discriminis

82 3981 84 3988 '
168 3980 199 4034 et
220 3969 301 4034 oilae
324 3969 355 4034 in
379 3968 546 4036 deliciarum
570 3969 659 4034 horto
684 3971 829 4046 consitas,
854 3980 883 4032 et
900 3971 985 4055 quasi
1001 3967 1145 4054 significat
1158 3964 1285 4030 reditum

168 4094 208 4160 ad
237 4097 373 4160 amissam
403 4093 581 4172 felicitatem,
612 4093 650 4160 ad
680 4092 811 4159 clausum
836 4095 919 4158 illum
941 4093 1086 4169 Edenem,
1116 4095 1151 4156 iis
1174 4100 1283 4177 patere,

170 4225 221 4308 qui
255 4242 310 4308 per
340 4218 491 4284 Christum
521 4218 558 4283 ad
588 4221 745 4306 spiritalem
776 4224 853 4284 vitae
881 4217 992 4282 iontem
1022 4219 1165 4282 accessuri
1193 4222 1283 4281 erant.

170 4344 295 4410 Talibus
334 4349 424 4424 enim,
460 4358 495 4409 ut
523 4344 633 4410 Psalmi
660 4343 801 4411 XXXVI.
837 4356 941 4408 auctor
975 4341 1145 4419 declaravit,
1179 4351 1285 4428 potum

169 4470 324 4561 praebebit
349 4471 431 4537 Deus
461 4494 476 4538 c
503 4469 624 4538 flumine
654 4471 835 4538 deliciamur
862 4467 991 4538 Suarum
1020 4462 1180 4576 (qtq'jg),
1216 4467 1287 4553 quia
