<?xml version="1.0" encoding="UTF-8"?>
<!DOCTYPE html PUBLIC "-//W3C//DTD XHTML 1.0 Transitional//EN"
    "http://www.w3.org/TR/xhtml1/DTD/xhtml1-transitional.dtd">
<html xmlns="http://www.w3.org/1999/xhtml" xml:lang="en" lang="en">
 <head>
  <title>
</title>
<meta http-equiv="Content-Type" content="text/html;charset=utf-8" />
  <meta name='ocr-system' content='tesseract 3.04.00' />
  <meta name='ocr-capabilities' content='ocr_page ocr_carea ocr_par ocr_line ocrx_word'/>
</head>
<body>
  <div class='ocr_page' id='page_1' title='image "./jasharfragmenta00donagoog_0174.png"; bbox 0 0 3152 5160; ppageno 0'>
   <div class='ocr_carea' id='block_1_1' title="bbox 687 360 761 437">
    <p class='ocr_par' dir='ltr' id='par_1_1' title="bbox 687 360 761 437">
     <span class='ocr_line' id='line_1_1' title="bbox 687 360 761 437; baseline 0.054 -4"><span class='ocrx_word' id='word_1_1' title='bbox 687 360 761 437; x_wconf 78' lang='lat'>137</span> 
     </span>
    </p>
   </div>
   <div class='ocr_carea' id='block_1_2' title="bbox 155 571 1336 2546">
    <p class='ocr_par' dir='ltr' id='par_1_2' title="bbox 155 571 1336 2546">
     <span class='ocr_line' id='line_1_2' title="bbox 159 571 1279 662; baseline 0.002 -24"><span class='ocrx_word' id='word_1_2' title='bbox 159 571 278 638; x_wconf 81' lang='lat' dir='ltr'>diurnae</span> <span class='ocrx_word' id='word_1_3' title='bbox 300 571 509 660; x_wconf 82' lang='lat' dir='ltr'>philosophiae</span> <span class='ocrx_word' id='word_1_4' title='bbox 532 573 660 638; x_wconf 82' lang='lat' dir='ltr'>examini</span> <span class='ocrx_word' id='word_1_5' title='bbox 684 571 883 659; x_wconf 84' lang='lat' dir='ltr'>subjiciendos</span> <span class='ocrx_word' id='word_1_6' title='bbox 894 572 1019 658; x_wconf 87' lang='lat' dir='ltr'>judicat.</span> <span class='ocrx_word' id='word_1_7' title='bbox 1057 572 1116 658; x_wconf 81' lang='lat' dir='ltr'>Qui</span> <span class='ocrx_word' id='word_1_8' title='bbox 1132 577 1208 640; x_wconf 88' lang='lat' dir='ltr'>euim</span> <span class='ocrx_word' id='word_1_9' title='bbox 1223 596 1279 662; x_wconf 90' lang='lat' dir='ltr'>pro</span> 
     </span>
     <span class='ocr_line' id='line_1_3' title="bbox 160 697 1280 802; baseline 0.001 -38"><span class='ocrx_word' id='word_1_10' title='bbox 160 697 243 764; x_wconf 90' lang='lat' dir='ltr'>coelo</span> <span class='ocrx_word' id='word_1_11' title='bbox 268 697 437 784; x_wconf 74' lang='lat' dir='ltr'><strong>cogitabant</strong></span> <span class='ocrx_word' id='word_1_12' title='bbox 460 703 550 802; x_wconf 55' lang='lat' dir='ltr'>hilp]</span> <span class='ocrx_word' id='word_1_13' title='bbox 573 697 724 785; x_wconf 82' lang='lat' dir='ltr'><strong>quoddam</strong></span> <span class='ocrx_word' id='word_1_14' title='bbox 742 702 804 764; x_wconf 89' lang='lat' dir='ltr'>sive</span> <span class='ocrx_word' id='word_1_15' title='bbox 825 699 1053 776; x_wconf 87' lang='lat' dir='ltr'>firmamentum,</span> <span class='ocrx_word' id='word_1_16' title='bbox 1079 700 1183 787; x_wconf 83' lang='lat' dir='ltr'>»quod</span> <span class='ocrx_word' id='word_1_17' title='bbox 1203 700 1280 766; x_wconf 85' lang='lat' dir='ltr'>firmi</span> 
     </span>
     <span class='ocr_line' id='line_1_4' title="bbox 158 819 1279 910; baseline 0.004 -22"><span class='ocrx_word' id='word_1_18' title='bbox 158 822 368 908; x_wconf 84' lang='lat' dir='ltr'>hemisphaerii</span> <span class='ocrx_word' id='word_1_19' title='bbox 389 826 502 888; x_wconf 72' lang='lat' dir='ltr'>instar«</span> <span class='ocrx_word' id='word_1_20' title='bbox 526 819 664 905; x_wconf 85' lang='lat' dir='ltr'>(Gesenii</span> <span class='ocrx_word' id='word_1_21' title='bbox 681 822 772 888; x_wconf 91' lang='lat' dir='ltr'>verba</span> <span class='ocrx_word' id='word_1_22' title='bbox 795 820 882 906; x_wconf 82' lang='lat' dir='ltr'>sunt)</span> <span class='ocrx_word' id='word_1_23' title='bbox 907 847 1017 910; x_wconf 74' lang='lat' dir='ltr'>»super</span> <span class='ocrx_word' id='word_1_24' title='bbox 1040 838 1184 891; x_wconf 89' lang='lat' dir='ltr'>terrarum</span> <span class='ocrx_word' id='word_1_25' title='bbox 1208 826 1279 893; x_wconf 92' lang='lat' dir='ltr'>orbe</span> 
     </span>
     <span class='ocr_line' id='line_1_5' title="bbox 158 949 1280 1038; baseline 0.009 -26"><span class='ocrx_word' id='word_1_26' title='bbox 158 970 340 1035; x_wconf 82' lang='lat' dir='ltr'>expansum,</span> <span class='ocrx_word' id='word_1_27' title='bbox 371 950 505 1037; x_wconf 83' lang='lat' dir='ltr'>sapphiri</span> <span class='ocrx_word' id='word_1_28' title='bbox 536 952 629 1014; x_wconf 89' lang='lat' dir='ltr'>instar</span> <span class='ocrx_word' id='word_1_29' title='bbox 657 949 814 1038; x_wconf 80' lang='lat' dir='ltr'>splendens</span> <span class='ocrx_word' id='word_1_30' title='bbox 844 963 874 1016; x_wconf 86' lang='lat' dir='ltr'>et</span> <span class='ocrx_word' id='word_1_31' title='bbox 902 950 1081 1036; x_wconf 90' lang='lat' dir='ltr'>pellucidum</span> <span class='ocrx_word' id='word_1_32' title='bbox 1110 951 1280 1022; x_wconf 86' lang='lat' dir='ltr'>describunt</span> 
     </span>
     <span class='ocr_line' id='line_1_6' title="bbox 157 1072 1336 1164; baseline 0.008 -25"><span class='ocrx_word' id='word_1_33' title='bbox 157 1072 362 1139; x_wconf 84' lang='lat' dir='ltr'>Hebraeorum</span> <span class='ocrx_word' id='word_1_34' title='bbox 384 1087 504 1161; x_wconf 90' lang='lat' dir='ltr'>poetae,</span> <span class='ocrx_word' id='word_1_35' title='bbox 534 1078 581 1140; x_wconf 91' lang='lat' dir='ltr'>cui</span> <span class='ocrx_word' id='word_1_36' title='bbox 604 1074 701 1140; x_wconf 87' lang='lat' dir='ltr'>sidera</span> <span class='ocrx_word' id='word_1_37' title='bbox 722 1073 814 1140; x_wconf 86' lang='lat' dir='ltr'>affixa</span> <span class='ocrx_word' id='word_1_38' title='bbox 836 1088 921 1153; x_wconf 89' lang='lat' dir='ltr'>suut,</span> <span class='ocrx_word' id='word_1_39' title='bbox 946 1088 976 1140; x_wconf 87' lang='lat' dir='ltr'>et</span> <span class='ocrx_word' id='word_1_40' title='bbox 997 1097 1088 1162; x_wconf 90' lang='lat' dir='ltr'>super</span> <span class='ocrx_word' id='word_1_41' title='bbox 1110 1099 1170 1164; x_wconf 93' lang='lat' dir='ltr'>quo</span> <span class='ocrx_word' id='word_1_42' title='bbox 1196 1101 1280 1145; x_wconf 88' lang='lat' dir='ltr'>ocea-</span> <span class='ocrx_word' id='word_1_43' title='bbox 1335 1143 1336 1148; x_wconf 73' lang='grc'>,</span> 
     </span>
     <span class='ocr_line' id='line_1_7' title="bbox 157 1199 1280 1288; baseline 0.004 -22"><span class='ocrx_word' id='word_1_44' title='bbox 157 1222 216 1266; x_wconf 88' lang='lat' dir='ltr'>uus</span> <span class='ocrx_word' id='word_1_45' title='bbox 241 1199 375 1266; x_wconf 88' lang='lat' dir='ltr'>coelestis</span> <span class='ocrx_word' id='word_1_46' title='bbox 398 1203 523 1266; x_wconf 85' lang='lat' dir='ltr'>exsistat</span> <span class='ocrx_word' id='word_1_47' title='bbox 546 1203 654 1288; x_wconf 90' lang='lat' dir='ltr'>apertis</span> <span class='ocrx_word' id='word_1_48' title='bbox 677 1202 851 1268; x_wconf 86' lang='lat' dir='ltr'>firmamenti</span> <span class='ocrx_word' id='word_1_49' title='bbox 875 1201 1007 1267; x_wconf 85' lang='lat' dir='ltr'>cancellis</span> <span class='ocrx_word' id='word_1_50' title='bbox 1027 1203 1159 1288; x_wconf 91' lang='lat' dir='ltr'>pluviam</span> <span class='ocrx_word' id='word_1_51' title='bbox 1175 1204 1280 1270; x_wconf 88' lang='lat' dir='ltr'>demit·</span> 
     </span>
     <span class='ocr_line' id='line_1_8' title="bbox 156 1325 1277 1416; baseline 0.002 -22"><span class='ocrx_word' id='word_1_52' title='bbox 156 1337 224 1394; x_wconf 85' lang='lat' dir='ltr'>tens</span> <span class='ocrx_word' id='word_1_53' title='bbox 247 1327 278 1390; x_wconf 93' lang='lat' dir='ltr'>in</span> <span class='ocrx_word' id='word_1_54' title='bbox 300 1338 437 1404; x_wconf 72' lang='lat' dir='ltr'>terram«,</span> <span class='ocrx_word' id='word_1_55' title='bbox 461 1329 482 1392; x_wconf 94' lang='lat' dir='ltr'>ii</span> <span class='ocrx_word' id='word_1_56' title='bbox 506 1348 575 1393; x_wconf 90' lang='lat' dir='ltr'>sane</span> <span class='ocrx_word' id='word_1_57' title='bbox 599 1347 660 1390; x_wconf 90' lang='lat' dir='ltr'>non</span> <span class='ocrx_word' id='word_1_58' title='bbox 683 1325 806 1390; x_wconf 90' lang='lat' dir='ltr'>ulterius</span> <span class='ocrx_word' id='word_1_59' title='bbox 829 1330 982 1416; x_wconf 79' lang='lat' dir='ltr'>progressi</span> <span class='ocrx_word' id='word_1_60' title='bbox 1005 1340 1076 1394; x_wconf 88' lang='lat' dir='ltr'>sunt</span> <span class='ocrx_word' id='word_1_61' title='bbox 1098 1329 1277 1416; x_wconf 83' lang='lat' dir='ltr'>inphysicis</span> 
     </span>
     <span class='ocr_line' id='line_1_9' title="bbox 158 1446 1276 1540; baseline 0.003 -24"><span class='ocrx_word' id='word_1_62' title='bbox 158 1449 336 1537; x_wconf 90' lang='lat' dir='ltr'>disciplinis,</span> <span class='ocrx_word' id='word_1_63' title='bbox 367 1473 455 1539; x_wconf 83' lang='lat' dir='ltr'>quarn</span> <span class='ocrx_word' id='word_1_64' title='bbox 483 1465 595 1518; x_wconf 88' lang='lat' dir='ltr'>veteres</span> <span class='ocrx_word' id='word_1_65' title='bbox 619 1451 661 1516; x_wconf 87' lang='lat' dir='ltr'>illi</span> <span class='ocrx_word' id='word_1_66' title='bbox 684 1449 786 1516; x_wconf 89' lang='lat' dir='ltr'>Graeci</span> <span class='ocrx_word' id='word_1_67' title='bbox 811 1455 862 1539; x_wconf 89' lang='lat' dir='ltr'>qui</span> <span class='ocrx_word' id='word_1_68' title='bbox 886 1453 1017 1518; x_wconf 85' lang='lat' dir='ltr'>similiter</span> <span class='ocrx_word' id='word_1_69' title='bbox 1046 1446 1192 1540; x_wconf 73' lang='lat' dir='ltr'>eriperer</span> <span class='ocrx_word' id='word_1_70' title='bbox 1209 1459 1228 1520; x_wconf 91' lang='lat' dir='ltr'>i.</span> <span class='ocrx_word' id='word_1_71' title='bbox 1251 1478 1276 1522; x_wconf 89' lang='lat' dir='ltr'>c.</span> 
     </span>
     <span class='ocr_line' id='line_1_10' title="bbox 158 1571 1278 1668; baseline 0.005 -28"><span class='ocrx_word' id='word_1_72' title='bbox 158 1598 345 1662; x_wconf 71' lang='lat' dir='ltr'>caperemur,</span> <span class='ocrx_word' id='word_1_73' title='bbox 377 1590 406 1642; x_wconf 89' lang='lat' dir='ltr'>et</span> <span class='ocrx_word' id='word_1_74' title='bbox 428 1571 571 1642; x_wconf 73' lang='grc' dir='ltr'><strong><em>ὠκεανόν</em></strong></span> <span class='ocrx_word' id='word_1_75' title='bbox 593 1581 612 1641; x_wconf 93' lang='lat' dir='ltr'>i.</span> <span class='ocrx_word' id='word_1_76' title='bbox 630 1600 654 1640; x_wconf 90' lang='lat' dir='ltr'>e.</span> <span class='ocrx_word' id='word_1_77' title='bbox 679 1578 792 1663; x_wconf 79' lang='lat' dir='ltr'>rapide</span> <span class='ocrx_word' id='word_1_78' title='bbox 815 1578 1051 1644; x_wconf 72' lang='lat' dir='ltr'>circumeuntem</span> <span class='ocrx_word' id='word_1_79' title='bbox 1065 1575 1202 1668; x_wconf 74' lang='lat' dir='ltr'>flammae</span> <span class='ocrx_word' id='word_1_80' title='bbox 1222 1581 1278 1646; x_wconf 89' lang='lat' dir='ltr'>fiu-</span> 
     </span>
     <span class='ocr_line' id='line_1_11' title="bbox 155 1671 1277 1793; baseline 0.002 -25"><span class='ocrx_word' id='word_1_81' title='bbox 155 1671 268 1790; x_wconf 79' lang='lat' dir='ltr'>gcbbnt</span> <span class='ocrx_word' id='word_1_82' title='bbox 291 1697 379 1785; x_wconf 83' lang='lat' dir='ltr'>(Now</span> <span class='ocrx_word' id='word_1_83' title='bbox 396 1699 536 1790; x_wconf 82' lang='lat' dir='ltr'>Cratylus</span> <span class='ocrx_word' id='word_1_84' title='bbox 560 1697 681 1785; x_wconf 80' lang='lat'><strong>§259).</strong></span> <span class='ocrx_word' id='word_1_85' title='bbox 717 1702 750 1766; x_wconf 92' lang='lat' dir='ltr'>lu</span> <span class='ocrx_word' id='word_1_86' title='bbox 773 1703 899 1768; x_wconf 85' lang='lat' dir='ltr'>historia</span> <span class='ocrx_word' id='word_1_87' title='bbox 921 1707 1013 1792; x_wconf 83' lang='lat' dir='ltr'>igitur</span> <span class='ocrx_word' id='word_1_88' title='bbox 1035 1717 1065 1770; x_wconf 88' lang='lat' dir='ltr'>et</span> <span class='ocrx_word' id='word_1_89' title='bbox 1085 1705 1277 1793; x_wconf 87' lang='lat' dir='ltr'>philosophia</span> 
     </span>
     <span class='ocr_line' id='line_1_12' title="bbox 156 1827 1277 1918; baseline 0.005 -26"><span class='ocrx_word' id='word_1_90' title='bbox 156 1827 286 1894; x_wconf 83' lang='lat' dir='ltr'>natruali</span> <span class='ocrx_word' id='word_1_91' title='bbox 308 1828 407 1894; x_wconf 92' lang='lat' dir='ltr'>nullus</span> <span class='ocrx_word' id='word_1_92' title='bbox 432 1841 477 1893; x_wconf 90' lang='lat' dir='ltr'>est</span> <span class='ocrx_word' id='word_1_93' title='bbox 498 1829 627 1917; x_wconf 83' lang='lat' dir='ltr'>generali</span> <span class='ocrx_word' id='word_1_94' title='bbox 650 1827 762 1893; x_wconf 91' lang='lat' dir='ltr'>diluvio</span> <span class='ocrx_word' id='word_1_95' title='bbox 785 1829 878 1907; x_wconf 88' lang='lat' dir='ltr'>locus,</span> <span class='ocrx_word' id='word_1_96' title='bbox 904 1851 999 1918; x_wconf 89' lang='lat' dir='ltr'>neque</span> <span class='ocrx_word' id='word_1_97' title='bbox 1022 1828 1095 1896; x_wconf 89' lang='lat' dir='ltr'>illud</span> <span class='ocrx_word' id='word_1_98' title='bbox 1115 1829 1277 1918; x_wconf 86' lang='lat' dir='ltr'>quidquam</span> 
     </span>
     <span class='ocr_line' id='line_1_13' title="bbox 157 1951 1242 2042; baseline 0.003 -24"><span class='ocrx_word' id='word_1_99' title='bbox 157 1951 197 2018; x_wconf 90' lang='lat' dir='ltr'>ad</span> <span class='ocrx_word' id='word_1_100' title='bbox 218 1953 396 2040; x_wconf 79' lang='lat' dir='ltr'>relligiosam</span> <span class='ocrx_word' id='word_1_101' title='bbox 419 1953 574 2018; x_wconf 91' lang='lat' dir='ltr'>bominum</span> <span class='ocrx_word' id='word_1_102' title='bbox 598 1957 796 2042; x_wconf 84' lang='lat' dir='ltr'>cognitionem</span> <span class='ocrx_word' id='word_1_103' title='bbox 819 1954 1053 2042; x_wconf 90' lang='lat' dir='ltr'>promovendam</span> <span class='ocrx_word' id='word_1_104' title='bbox 1076 1957 1242 2024; x_wconf 87' lang='lat' dir='ltr'>contulerit.</span> 
     </span>
     <span class='ocr_line' id='line_1_14' title="bbox 246 2077 1276 2170; baseline 0.005 -25"><span class='ocrx_word' id='word_1_105' title='bbox 246 2080 279 2145; x_wconf 90' lang='lat' dir='ltr'>II.</span> <span class='ocrx_word' id='word_1_106' title='bbox 316 2077 479 2162; x_wconf 76' lang='lat' dir='ltr'>Quemnam</span> <span class='ocrx_word' id='word_1_107' title='bbox 507 2079 578 2146; x_wconf 92' lang='lat' dir='ltr'>huic</span> <span class='ocrx_word' id='word_1_108' title='bbox 607 2082 842 2148; x_wconf 86' lang='lat' dir='ltr'>narratiunculae</span> <span class='ocrx_word' id='word_1_109' title='bbox 871 2104 990 2152; x_wconf 88' lang='lat' dir='ltr'>sensum</span> <span class='ocrx_word' id='word_1_110' title='bbox 1016 2081 1174 2170; x_wconf 86' lang='lat' dir='ltr'>subjecerit</span> <span class='ocrx_word' id='word_1_111' title='bbox 1194 2097 1276 2150; x_wconf 90' lang='lat' dir='ltr'>vates</span> 
     </span>
     <span class='ocr_line' id='line_1_15' title="bbox 155 2205 1277 2296; baseline 0.004 -25"><span class='ocrx_word' id='word_1_112' title='bbox 155 2205 408 2272; x_wconf 80' lang='lat' dir='ltr'>illelasharanus</span> <span class='ocrx_word' id='word_1_113' title='bbox 437 2208 595 2272; x_wconf 89' lang='lat' dir='ltr'>certissime</span> <span class='ocrx_word' id='word_1_114' title='bbox 622 2206 789 2294; x_wconf 89' lang='lat' dir='ltr'>apparebit,</span> <span class='ocrx_word' id='word_1_115' title='bbox 814 2209 839 2273; x_wconf 93' lang='lat' dir='ltr'>si</span> <span class='ocrx_word' id='word_1_116' title='bbox 862 2206 976 2274; x_wconf 90' lang='lat' dir='ltr'>Noacbi</span> <span class='ocrx_word' id='word_1_117' title='bbox 999 2231 1108 2274; x_wconf 87' lang='lat' dir='ltr'>nomen</span> <span class='ocrx_word' id='word_1_118' title='bbox 1131 2210 1277 2296; x_wconf 87' lang='lat' dir='ltr'>etymolo-</span> 
     </span>
     <span class='ocr_line' id='line_1_16' title="bbox 155 2331 1275 2422; baseline 0.004 -26"><span class='ocrx_word' id='word_1_119' title='bbox 155 2335 223 2420; x_wconf 85' lang='lat' dir='ltr'>gica</span> <span class='ocrx_word' id='word_1_120' title='bbox 238 2334 352 2396; x_wconf 87' lang='lat' dir='ltr'>ratione</span> <span class='ocrx_word' id='word_1_121' title='bbox 367 2331 574 2398; x_wconf 89' lang='lat' dir='ltr'>scrutabimur.</span> <span class='ocrx_word' id='word_1_122' title='bbox 609 2332 636 2398; x_wconf 85' lang='lat' dir='ltr'>ts</span> <span class='ocrx_word' id='word_1_123' title='bbox 652 2336 770 2422; x_wconf 87' lang='lat' dir='ltr'>utique,</span> <span class='ocrx_word' id='word_1_124' title='bbox 796 2337 847 2420; x_wconf 92' lang='lat' dir='ltr'>qui</span> <span class='ocrx_word' id='word_1_125' title='bbox 863 2333 990 2400; x_wconf 88' lang='lat' dir='ltr'>Genesin</span> <span class='ocrx_word' id='word_1_126' title='bbox 1005 2333 1155 2411; x_wconf 84' lang='lat' dir='ltr'>exhibuit,</span> <span class='ocrx_word' id='word_1_127' title='bbox 1181 2335 1275 2421; x_wconf 85' lang='lat' dir='ltr'>qualis</span> 
     </span>
     <span class='ocr_line' id='line_1_17' title="bbox 155 2457 1276 2546; baseline 0.002 -24"><span class='ocrx_word' id='word_1_128' title='bbox 155 2457 195 2522; x_wconf 85' lang='lat' dir='ltr'>ad</span> <span class='ocrx_word' id='word_1_129' title='bbox 218 2468 351 2522; x_wconf 88' lang='lat' dir='ltr'>nostram</span> <span class='ocrx_word' id='word_1_130' title='bbox 374 2457 449 2522; x_wconf 70' lang='lat' dir='ltr'>dem</span> <span class='ocrx_word' id='word_1_131' title='bbox 471 2461 620 2546; x_wconf 85' lang='lat' dir='ltr'>pervenit,</span> <span class='ocrx_word' id='word_1_132' title='bbox 646 2459 722 2524; x_wconf 91' lang='lat' dir='ltr'>hanc</span> <span class='ocrx_word' id='word_1_133' title='bbox 744 2458 882 2546; x_wconf 84' lang='lat' dir='ltr'>praebuit</span> <span class='ocrx_word' id='word_1_134' title='bbox 897 2458 1050 2524; x_wconf 90' lang='lat' dir='ltr'>Noachani</span> <span class='ocrx_word' id='word_1_135' title='bbox 1072 2462 1200 2525; x_wconf 87' lang='lat' dir='ltr'>nominis</span> <span class='ocrx_word' id='word_1_136' title='bbox 1224 2482 1276 2524; x_wconf 89' lang='lat' dir='ltr'>ex-</span> 
     </span>
    </p>
   </div>
   <div class='ocr_carea' id='block_1_3' title="bbox 153 2559 1274 2795">
    <p class='ocr_par' dir='ltr' id='par_1_3' title="bbox 153 2559 1274 2795">
     <span class='ocr_line' id='line_1_18' title="bbox 153 2559 1273 2690; baseline 0.013 -43"><span class='ocrx_word' id='word_1_137' title='bbox 153 2583 359 2670; x_wconf 74' lang='lat' dir='ltr'>putationem:</span> <span class='ocrx_word' id='word_1_138' title='bbox 382 2577 537 2690; x_wconf 61' lang='lat' dir='ltr'>aragon</span> <span class='ocrx_word' id='word_1_139' title='bbox 556 2589 681 2690; x_wconf 57' lang='lat' dir='ltr'>itaqu}</span> <span class='ocrx_word' id='word_1_140' title='bbox 705 2588 747 2689; x_wconf 68' lang='lat' dir='ltr'>nr</span> <span class='ocrx_word' id='word_1_141' title='bbox 769 2559 880 2676; x_wconf 63' lang='lat' dir='ltr'>anah</span> <span class='ocrx_word' id='word_1_142' title='bbox 904 2577 950 2674; x_wconf 76' lang='lat' dir='ltr'>ni</span> <span class='ocrx_word' id='word_1_143' title='bbox 974 2576 1128 2689; x_wconf 69' lang='lat' dir='ltr'>tant-na</span> <span class='ocrx_word' id='word_1_144' title='bbox 1150 2588 1273 2690; x_wconf 53' lang='lat' dir='ltr'>carpet</span> 
     </span>
     <span class='ocr_line' id='line_1_19' title="bbox 158 2709 1274 2795; baseline 0.004 -23"><span class='ocrx_word' id='word_1_145' title='bbox 158 2721 207 2773; x_wconf 78' lang='lat' dir='ltr'>»et</span> <span class='ocrx_word' id='word_1_146' title='bbox 229 2709 347 2773; x_wconf 89' lang='lat' dir='ltr'>vocavit</span> <span class='ocrx_word' id='word_1_147' title='bbox 372 2731 481 2775; x_wconf 88' lang='lat' dir='ltr'>nomeu</span> <span class='ocrx_word' id='word_1_148' title='bbox 503 2710 567 2795; x_wconf 91' lang='lat' dir='ltr'>ejus</span> <span class='ocrx_word' id='word_1_149' title='bbox 590 2709 720 2793; x_wconf 76' lang='lat' dir='ltr'>Nooeb,</span> <span class='ocrx_word' id='word_1_150' title='bbox 751 2709 892 2788; x_wconf 86' lang='lat' dir='ltr'>dicendo,</span> <span class='ocrx_word' id='word_1_151' title='bbox 923 2709 971 2774; x_wconf 94' lang='lat' dir='ltr'>hic</span> <span class='ocrx_word' id='word_1_152' title='bbox 994 2709 1196 2775; x_wconf 89' lang='lat' dir='ltr'>consolabitur</span> <span class='ocrx_word' id='word_1_153' title='bbox 1218 2733 1274 2776; x_wconf 88' lang='lat' dir='ltr'>nos</span> 
     </span>
    </p>
   </div>
   <div class='ocr_carea' id='block_1_4' title="bbox 98 2830 1275 4576">
    <p class='ocr_par' dir='ltr' id='par_1_4' title="bbox 98 2830 1275 4576">
     <span class='ocr_line' id='line_1_20' title="bbox 156 2830 1275 2923; baseline 0.002 -23"><span class='ocrx_word' id='word_1_154' title='bbox 156 2857 194 2900; x_wconf 87' lang='lat' dir='ltr'>ex</span> <span class='ocrx_word' id='word_1_155' title='bbox 217 2855 306 2922; x_wconf 88' lang='lat' dir='ltr'>opere</span> <span class='ocrx_word' id='word_1_156' title='bbox 328 2847 433 2902; x_wconf 87' lang='lat' dir='ltr'>nostro</span> <span class='ocrx_word' id='word_1_157' title='bbox 458 2847 532 2900; x_wconf 76' lang='lat' dir='ltr'>etc«</span> <span class='ocrx_word' id='word_1_158' title='bbox 557 2830 643 2918; x_wconf 88' lang='lat' dir='ltr'>(Gen.</span> <span class='ocrx_word' id='word_1_159' title='bbox 656 2835 695 2912; x_wconf 94' lang='lat' dir='ltr'>V,</span> <span class='ocrx_word' id='word_1_160' title='bbox 713 2830 779 2918; x_wconf 79' lang='lat'><strong>29).</strong></span> <span class='ocrx_word' id='word_1_161' title='bbox 814 2835 841 2900; x_wconf 92' lang='lat' dir='ltr'>ls</span> <span class='ocrx_word' id='word_1_162' title='bbox 865 2837 964 2923; x_wconf 86' lang='lat' dir='ltr'>igitur,</span> <span class='ocrx_word' id='word_1_163' title='bbox 990 2857 1082 2923; x_wconf 90' lang='lat' dir='ltr'>quum</span> <span class='ocrx_word' id='word_1_164' title='bbox 1098 2836 1137 2901; x_wconf 92' lang='lat' dir='ltr'>ad</span> <span class='ocrx_word' id='word_1_165' title='bbox 1151 2834 1275 2902; x_wconf 85' lang='lat' dir='ltr'>verbum</span> 
     </span>
     <span class='ocr_line' id='line_1_21' title="bbox 156 2953 1274 3065; baseline 0.004 -41"><span class='ocrx_word' id='word_1_166' title='bbox 156 2965 233 3065; x_wconf 60' lang='lat' dir='ltr'>nn?</span> <span class='ocrx_word' id='word_1_167' title='bbox 255 2964 432 3047; x_wconf 82' lang='lat' dir='ltr'>respexerit,</span> <span class='ocrx_word' id='word_1_168' title='bbox 456 2983 512 3047; x_wconf 92' lang='lat' dir='ltr'>pro</span> <span class='ocrx_word' id='word_1_169' title='bbox 537 2953 583 3050; x_wconf 64' lang='lat' dir='ltr'>[ti</span> <span class='ocrx_word' id='word_1_170' title='bbox 606 2965 625 3027; x_wconf 93' lang='lat' dir='ltr'>i.</span> <span class='ocrx_word' id='word_1_171' title='bbox 643 2985 667 3026; x_wconf 92' lang='lat' dir='ltr'>e.</span> <span class='ocrx_word' id='word_1_172' title='bbox 685 2962 771 3049; x_wconf 78' lang='lat' dir='ltr'>quies</span> <span class='ocrx_word' id='word_1_173' title='bbox 795 2960 897 3025; x_wconf 91' lang='lat' dir='ltr'>debuit</span> <span class='ocrx_word' id='word_1_174' title='bbox 918 2965 1008 3053; x_wconf 61' lang='lat' dir='ltr'>uin?</span> <span class='ocrx_word' id='word_1_175' title='bbox 1028 2964 1048 3026; x_wconf 92' lang='lat' dir='ltr'>i.</span> <span class='ocrx_word' id='word_1_176' title='bbox 1066 2986 1091 3028; x_wconf 91' lang='lat' dir='ltr'>e.</span> <span class='ocrx_word' id='word_1_177' title='bbox 1109 2963 1274 3028; x_wconf 78' lang='lat' dir='ltr'>coarctatio</span> 
     </span>
     <span class='ocr_line' id='line_1_22' title="bbox 154 3085 1275 3183; baseline 0.004 -32"><span class='ocrx_word' id='word_1_178' title='bbox 154 3085 306 3164; x_wconf 90' lang='lat' dir='ltr'>sufficere;</span> <span class='ocrx_word' id='word_1_179' title='bbox 331 3085 441 3174; x_wconf 89' lang='lat' dir='ltr'>alioqui</span> <span class='ocrx_word' id='word_1_180' title='bbox 464 3109 520 3174; x_wconf 92' lang='lat' dir='ltr'>pro</span> <span class='ocrx_word' id='word_1_181' title='bbox 544 3091 669 3180; x_wconf 53' lang='lat' dir='ltr'>immi</span> <span class='ocrx_word' id='word_1_182' title='bbox 691 3085 895 3174; x_wconf 89' lang='lat' dir='ltr'>reponendum</span> <span class='ocrx_word' id='word_1_183' title='bbox 911 3101 956 3152; x_wconf 90' lang='lat' dir='ltr'>est</span> <span class='ocrx_word' id='word_1_184' title='bbox 977 3090 1088 3183; x_wconf 34' lang='lat' dir='ltr'>ibij-tib</span> <span class='ocrx_word' id='word_1_185' title='bbox 1111 3089 1275 3155; x_wconf 68' lang='lat' dir='ltr'>heraclam</span> 
     </span>
     <span class='ocr_line' id='line_1_23' title="bbox 154 3181 1272 3302; baseline 0.002 -24"><span class='ocrx_word' id='word_1_186' title='bbox 154 3214 287 3302; x_wconf 80' lang='lat' dir='ltr'>quietem</span> <span class='ocrx_word' id='word_1_187' title='bbox 296 3213 433 3300; x_wconf 79' lang='lat' dir='ltr'>parabit.</span> <span class='ocrx_word' id='word_1_188' title='bbox 468 3210 569 3300; x_wconf 84' lang='lat' dir='ltr'>Atque</span> <span class='ocrx_word' id='word_1_189' title='bbox 585 3181 668 3278; x_wconf 33' lang='lat' dir='ltr'>hauc·</span> <span class='ocrx_word' id='word_1_190' title='bbox 675 3213 845 3290; x_wconf 90' lang='lat' dir='ltr'>lectionem,</span> <span class='ocrx_word' id='word_1_191' title='bbox 871 3235 958 3301; x_wconf 91' lang='lat' dir='ltr'>quam</span> <span class='ocrx_word' id='word_1_192' title='bbox 975 3217 1067 3278; x_wconf 85' lang='lat' dir='ltr'>secuti</span> <span class='ocrx_word' id='word_1_193' title='bbox 1080 3183 1154 3280; x_wconf 74' lang='lat' dir='ltr'>sunt</span> <span class='ocrx_word' id='word_1_194' title='bbox 1166 3213 1272 3293; x_wconf 68' lang='lat' dir='ltr'>Lxx„</span> 
     </span>
     <span class='ocr_line' id='line_1_24' title="bbox 155 3330 1274 3427; baseline 0.003 -26"><span class='ocrx_word' id='word_1_195' title='bbox 155 3342 208 3427; x_wconf 91' lang='lat' dir='ltr'>qui</span> <span class='ocrx_word' id='word_1_196' title='bbox 231 3330 325 3414; x_wconf 76' lang='grc' dir='ltr'><strong><em>οὗτος</em></strong></span> <span class='ocrx_word' id='word_1_197' title='bbox 348 3336 563 3410; x_wconf 65' lang='lat' dir='ltr'>brovencourt</span> <span class='ocrx_word' id='word_1_198' title='bbox 585 3335 667 3426; x_wconf 75' lang='grc' dir='ltr'>ἢμᾶς</span> <span class='ocrx_word' id='word_1_199' title='bbox 686 3338 988 3417; x_wconf 65' lang='grc' dir='ltr'>νενιειιᾶοτοᾶᾶιιιη,</span> <span class='ocrx_word' id='word_1_200' title='bbox 1013 3343 1194 3404; x_wconf 86' lang='lat' dir='ltr'>verissimam</span> <span class='ocrx_word' id='word_1_201' title='bbox 1211 3361 1274 3422; x_wconf 84' lang='lat' dir='ltr'>esse</span> 
     </span>
     <span class='ocr_line' id='line_1_25' title="bbox 98 3444 1272 3552; baseline -0.002 -22"><span class='ocrx_word' id='word_1_202' title='bbox 98 3444 102 3458; x_wconf 65' lang='lat'>,</span> <span class='ocrx_word' id='word_1_203' title='bbox 155 3463 349 3540; x_wconf 88' lang='lat' dir='ltr'>existimabit,</span> <span class='ocrx_word' id='word_1_204' title='bbox 374 3468 542 3552; x_wconf 90' lang='lat' dir='ltr'>quicunque</span> <span class='ocrx_word' id='word_1_205' title='bbox 565 3467 596 3529; x_wconf 93' lang='lat' dir='ltr'>in</span> <span class='ocrx_word' id='word_1_206' title='bbox 610 3462 785 3530; x_wconf 89' lang='lat' dir='ltr'>Hebraismo</span> <span class='ocrx_word' id='word_1_207' title='bbox 809 3486 870 3529; x_wconf 92' lang='lat' dir='ltr'>non</span> <span class='ocrx_word' id='word_1_208' title='bbox 892 3464 979 3550; x_wconf 89' lang='lat' dir='ltr'>plane</span> <span class='ocrx_word' id='word_1_209' title='bbox 1001 3464 1111 3550; x_wconf 91' lang='lat' dir='ltr'>hospes</span> <span class='ocrx_word' id='word_1_210' title='bbox 1127 3474 1272 3528; x_wconf 88' lang='lat' dir='ltr'>versatur.</span> 
     </span>
     <span class='ocr_line' id='line_1_26' title="bbox 153 3583 1274 3684; baseline -0.001 -29"><span class='ocrx_word' id='word_1_211' title='bbox 153 3587 230 3655; x_wconf 89' lang='lat' dir='ltr'>Nam</span> <span class='ocrx_word' id='word_1_212' title='bbox 253 3592 446 3655; x_wconf 85' lang='lat' dir='ltr'>certissimum</span> <span class='ocrx_word' id='word_1_213' title='bbox 468 3602 514 3655; x_wconf 84' lang='lat' dir='ltr'>est</span> <span class='ocrx_word' id='word_1_214' title='bbox 528 3612 631 3656; x_wconf 92' lang='lat' dir='ltr'>vocem</span> <span class='ocrx_word' id='word_1_215' title='bbox 654 3583 701 3679; x_wconf 66' lang='lat' dir='ltr'>[ti</span> <span class='ocrx_word' id='word_1_216' title='bbox 725 3589 854 3654; x_wconf 91' lang='lat' dir='ltr'>aradice</span> <span class='ocrx_word' id='word_1_217' title='bbox 871 3591 953 3684; x_wconf 63' lang='lat' dir='ltr'>ml,</span> <span class='ocrx_word' id='word_1_218' title='bbox 977 3589 1175 3676; x_wconf 80' lang='lat' dir='ltr'>requiescere,</span> <span class='ocrx_word' id='word_1_219' title='bbox 1201 3611 1274 3654; x_wconf 86' lang='lat' dir='ltr'>core·</span> 
     </span>
     <span class='ocr_line' id='line_1_27' title="bbox 153 3713 1273 3803; baseline -0.001 -22"><span class='ocrx_word' id='word_1_220' title='bbox 153 3715 264 3799; x_wconf 80' lang='lat' dir='ltr'>sidere,</span> <span class='ocrx_word' id='word_1_221' title='bbox 289 3716 498 3782; x_wconf 82' lang='lat' dir='ltr'>demitterere</span> <span class='ocrx_word' id='word_1_222' title='bbox 521 3716 681 3782; x_wconf 83' lang='lat' dir='ltr'>derivatam</span> <span class='ocrx_word' id='word_1_223' title='bbox 705 3737 777 3781; x_wconf 90' lang='lat' dir='ltr'>esse.</span> <span class='ocrx_word' id='word_1_224' title='bbox 811 3713 912 3803; x_wconf 81' lang='lat' dir='ltr'>Atque</span> <span class='ocrx_word' id='word_1_225' title='bbox 936 3715 974 3780; x_wconf 89' lang='lat' dir='ltr'>ad</span> <span class='ocrx_word' id='word_1_226' title='bbox 989 3716 1079 3800; x_wconf 90' lang='lat' dir='ltr'>hujus</span> <span class='ocrx_word' id='word_1_227' title='bbox 1095 3713 1178 3780; x_wconf 91' lang='lat' dir='ltr'>verbi</span> <span class='ocrx_word' id='word_1_228' title='bbox 1192 3737 1273 3780; x_wconf 91' lang='lat' dir='ltr'>men·</span> 
     </span>
     <span class='ocr_line' id='line_1_28' title="bbox 153 3839 1274 3928; baseline 0 -22"><span class='ocrx_word' id='word_1_229' title='bbox 153 3845 265 3908; x_wconf 88' lang='lat' dir='ltr'>tionem</span> <span class='ocrx_word' id='word_1_230' title='bbox 287 3843 365 3907; x_wconf 92' lang='lat' dir='ltr'>illico</span> <span class='ocrx_word' id='word_1_231' title='bbox 389 3845 588 3907; x_wconf 89' lang='lat' dir='ltr'>convertimur</span> <span class='ocrx_word' id='word_1_232' title='bbox 611 3840 649 3906; x_wconf 93' lang='lat' dir='ltr'>ad</span> <span class='ocrx_word' id='word_1_233' title='bbox 671 3844 769 3906; x_wconf 91' lang='lat' dir='ltr'>varios</span> <span class='ocrx_word' id='word_1_234' title='bbox 793 3842 876 3907; x_wconf 90' lang='lat' dir='ltr'>locos</span> <span class='ocrx_word' id='word_1_235' title='bbox 902 3839 955 3906; x_wconf 96' lang='lat' dir='ltr'>ubi</span> <span class='ocrx_word' id='word_1_236' title='bbox 977 3842 1033 3908; x_wconf 90' lang='lat' dir='ltr'>bac</span> <span class='ocrx_word' id='word_1_237' title='bbox 1055 3840 1151 3908; x_wconf 91' lang='lat' dir='ltr'>radice</span> <span class='ocrx_word' id='word_1_238' title='bbox 1174 3844 1274 3928; x_wconf 84' lang='lat' dir='ltr'>expri-</span> 
     </span>
     <span class='ocr_line' id='line_1_29' title="bbox 154 3964 1272 4057; baseline -0.003 -24"><span class='ocrx_word' id='word_1_239' title='bbox 154 3970 244 4033; x_wconf 90' lang='lat' dir='ltr'>mitur</span> <span class='ocrx_word' id='word_1_240' title='bbox 267 3971 350 4057; x_wconf 86' lang='lat' dir='ltr'>quies</span> <span class='ocrx_word' id='word_1_241' title='bbox 373 3980 445 4055; x_wconf 84' lang='lat' dir='ltr'>post</span> <span class='ocrx_word' id='word_1_242' title='bbox 467 3971 627 4033; x_wconf 86' lang='lat' dir='ltr'>errationes</span> <span class='ocrx_word' id='word_1_243' title='bbox 651 3981 681 4032; x_wconf 86' lang='lat' dir='ltr'>ct</span> <span class='ocrx_word' id='word_1_244' title='bbox 702 3966 829 4034; x_wconf 89' lang='lat' dir='ltr'>labores.</span> <span class='ocrx_word' id='word_1_245' title='bbox 875 3968 918 4032; x_wconf 88' lang='lat' dir='ltr'>lta</span> <span class='ocrx_word' id='word_1_246' title='bbox 940 3964 1055 4034; x_wconf 92' lang='lat' dir='ltr'>Noacbi</span> <span class='ocrx_word' id='word_1_247' title='bbox 1078 3989 1160 4044; x_wconf 90' lang='lat' dir='ltr'>arca,</span> <span class='ocrx_word' id='word_1_248' title='bbox 1185 3966 1272 4031; x_wconf 90' lang='lat' dir='ltr'>undis</span> 
     </span>
     <span class='ocr_line' id='line_1_30' title="bbox 152 4087 1272 4196; baseline -0.003 -37"><span class='ocrx_word' id='word_1_249' title='bbox 152 4117 206 4182; x_wconf 88' lang='lat' dir='ltr'>per</span> <span class='ocrx_word' id='word_1_250' title='bbox 241 4106 287 4158; x_wconf 91' lang='lat' dir='ltr'>tot</span> <span class='ocrx_word' id='word_1_251' title='bbox 320 4093 389 4192; x_wconf 67' lang='lat' dir='ltr'>dies</span> <span class='ocrx_word' id='word_1_252' title='bbox 412 4095 536 4180; x_wconf 84' lang='lat' dir='ltr'>jactata,</span> <span class='ocrx_word' id='word_1_253' title='bbox 572 4093 690 4158; x_wconf 90' lang='lat' dir='ltr'>tandem</span> <span class='ocrx_word' id='word_1_254' title='bbox 719 4095 869 4182; x_wconf 80' lang='lat' dir='ltr'>requierit</span> <span class='ocrx_word' id='word_1_255' title='bbox 896 4087 1008 4196; x_wconf 51' lang='lat' dir='ltr'>(filij)</span> <span class='ocrx_word' id='word_1_256' title='bbox 1039 4115 1130 4180; x_wconf 91' lang='lat' dir='ltr'>super</span> <span class='ocrx_word' id='word_1_257' title='bbox 1157 4105 1272 4158; x_wconf 88' lang='lat' dir='ltr'>montes</span> 
     </span>
     <span class='ocr_line' id='line_1_31' title="bbox 153 4215 1273 4305; baseline -0.001 -21"><span class='ocrx_word' id='word_1_258' title='bbox 153 4215 245 4302; x_wconf 83' lang='lat' dir='ltr'>(Gen.</span> <span class='ocrx_word' id='word_1_259' title='bbox 258 4219 338 4297; x_wconf 86' lang='lat' dir='ltr'>VIII,</span> <span class='ocrx_word' id='word_1_260' title='bbox 355 4215 405 4303; x_wconf 79' lang='grc'>4),</span> <span class='ocrx_word' id='word_1_261' title='bbox 431 4220 482 4284; x_wconf 90' lang='lat' dir='ltr'>sed</span> <span class='ocrx_word' id='word_1_262' title='bbox 506 4218 655 4296; x_wconf 89' lang='lat' dir='ltr'>columba,</span> <span class='ocrx_word' id='word_1_263' title='bbox 687 4241 725 4284; x_wconf 85' lang='lat' dir='ltr'>ex</span> <span class='ocrx_word' id='word_1_264' title='bbox 748 4240 815 4283; x_wconf 92' lang='lat' dir='ltr'>arca</span> <span class='ocrx_word' id='word_1_265' title='bbox 838 4222 957 4296; x_wconf 89' lang='lat' dir='ltr'>emissa;</span> <span class='ocrx_word' id='word_1_266' title='bbox 984 4241 1046 4282; x_wconf 91' lang='lat' dir='ltr'>non</span> <span class='ocrx_word' id='word_1_267' title='bbox 1068 4221 1169 4305; x_wconf 84' lang='lat' dir='ltr'>potuit</span> <span class='ocrx_word' id='word_1_268' title='bbox 1190 4220 1273 4283; x_wconf 87' lang='lat' dir='ltr'>inve·</span> 
     </span>
     <span class='ocr_line' id='line_1_32' title="bbox 153 4336 1272 4448; baseline -0.002 -38"><span class='ocrx_word' id='word_1_269' title='bbox 153 4348 215 4413; x_wconf 91' lang='lat' dir='ltr'>nire</span> <span class='ocrx_word' id='word_1_270' title='bbox 239 4346 370 4434; x_wconf 80' lang='lat' dir='ltr'>quietem</span> <span class='ocrx_word' id='word_1_271' title='bbox 394 4336 516 4448; x_wconf 58' lang='grc' dir='ltr'>(ῌὮῼ)</span> <span class='ocrx_word' id='word_1_272' title='bbox 539 4345 608 4434; x_wconf 88' lang='lat' dir='ltr'>pedi</span> <span class='ocrx_word' id='word_1_273' title='bbox 631 4367 687 4410; x_wconf 93' lang='lat' dir='ltr'>suo</span> <span class='ocrx_word' id='word_1_274' title='bbox 709 4340 888 4428; x_wconf 80' lang='lat' dir='ltr'>(Genvlll,</span> <span class='ocrx_word' id='word_1_275' title='bbox 906 4338 949 4426; x_wconf 81' lang='lat'>9).</span> <span class='ocrx_word' id='word_1_276' title='bbox 986 4343 1080 4408; x_wconf 89' lang='lat' dir='ltr'>Terra</span> <span class='ocrx_word' id='word_1_277' title='bbox 1102 4355 1217 4422; x_wconf 89' lang='lat' dir='ltr'>sancta,</span> <span class='ocrx_word' id='word_1_278' title='bbox 1240 4346 1272 4408; x_wconf 92' lang='lat' dir='ltr'>in</span> 
     </span>
     <span class='ocr_line' id='line_1_33' title="bbox 153 4470 1272 4576; baseline -0.003 -40"><span class='ocrx_word' id='word_1_279' title='bbox 153 4493 213 4564; x_wconf 92' lang='lat' dir='ltr'>qua</span> <span class='ocrx_word' id='word_1_280' title='bbox 234 4471 370 4558; x_wconf 85' lang='lat' dir='ltr'>populus</span> <span class='ocrx_word' id='word_1_281' title='bbox 388 4471 444 4538; x_wconf 91' lang='lat' dir='ltr'>Dei</span> <span class='ocrx_word' id='word_1_282' title='bbox 471 4470 588 4539; x_wconf 87' lang='lat' dir='ltr'>tandem</span> <span class='ocrx_word' id='word_1_283' title='bbox 609 4474 770 4563; x_wconf 89' lang='lat' dir='ltr'>requievit,</span> <span class='ocrx_word' id='word_1_284' title='bbox 800 4482 925 4538; x_wconf 89' lang='lat' dir='ltr'>vocatur</span> <span class='ocrx_word' id='word_1_285' title='bbox 947 4471 1058 4561; x_wconf 90' lang='lat' dir='ltr'>passim</span> <span class='ocrx_word' id='word_1_286' title='bbox 1081 4471 1202 4576; x_wconf 54' lang='lat' dir='ltr'>illidi?</span> <span class='ocrx_word' id='word_1_287' title='bbox 1225 4470 1272 4534; x_wconf 89' lang='lat' dir='ltr'>vel</span> 
     </span>
    </p>
   </div>
   <div class='ocr_carea' id='block_1_5' title="bbox 0 0 1580 5160">
    <p class='ocr_par' dir='ltr' id='par_1_5' title="bbox 0 0 1580 5160">
     <span class='ocr_line' id='line_1_34' title="bbox 0 0 1580 5160; baseline 0 2"><span class='ocrx_word' id='word_1_288' title='bbox 0 0 1580 5160; x_wconf 95' lang='lat' dir='ltr'> </span> 
     </span>
    </p>
   </div>
  </div>
 </body>
</html>
