3172 5186
778 383 985 495 „³39-

325 599 429 662 oecisis
445 598 509 682 ejus
525 596 628 661 incolis
646 593 825 670 Canaanitis,
848 593 939 679 idque
959 592 1034 658 liliae
1050 615 1130 671 suae,
1156 593 1328 658 Solomonis
1344 598 1448 672 uxori,

325 721 404 787 dotis
426 720 493 784 loco
518 719 638 785 dederat
661 717 691 800 (1
709 720 783 806 Reg.
800 717 851 797 lX,
872 714 936 799 16),
960 731 990 783 et
1006 717 1129 783 Solomo
1146 721 1210 805 ipse
1226 719 1377 806 relliquias
1392 742 1450 806 pa-

325 867 471 933 ganorum
495 844 653 909 durissimo
671 846 791 908 servitio
808 843 950 907 sollicitos
966 842 1096 908 habebat
1112 838 1196 924 (ibid.
1213 867 1241 906 v.
1260 838 1327 925 21).
1355 843 1451 908 Prae-

325 984 405 1034 terea
428 991 519 1057 quum
534 971 652 1033 minime
668 968 818 1034 dubitaret
831 970 965 1032 inimicos
982 990 1054 1032 suos
1069 981 1165 1032 morte
1179 967 1304 1032 multare
1320 963 1352 1050 (1
1370 967 1449 1056 Reg.

325 1095 358 1172 ll,
376 1091 429 1170 25,
447 1092 500 1171 34,
516 1089 583 1175 46),
609 1105 638 1159 et
660 1093 797 1159 satellites
813 1092 945 1169 haberet,
970 1096 1021 1179 qui
1040 1093 1127 1178 jussa
1143 1093 1206 1178 ejus
1222 1095 1331 1180 quovis
1346 1095 1449 1179 pretio

274 1296 281 1311 .
327 1231 575 1305 exsequerentur,
607 1231 642 1282 ut
663 1217 802 1282 Benaiam
830 1217 926 1296 illum,
957 1204 1009 1304 qui
1031 1215 1160 1281 Joabum
1183 1217 1230 1280 vel
1257 1220 1288 1280 in
1315 1221 1448 1281 sacrario

327 1343 443 1420 oceidit,
467 1365 529 1407 non
552 1343 640 1407 video
664 1365 716 1406 cur
739 1345 806 1430 quis
829 1363 933 1406 versus
957 1339 1025 1418 5,6
1048 1364 1109 1405 non
1133 1345 1243 1428 optime
1267 1363 1333 1406 cum
1356 1340 1451 1442 Solo·-

326 1473 424 1533 monis
452 1489 545 1556 regno
574 1489 735 1554 congruere
765 1466 967 1531 arbitraretur.
1006 1467 1040 1530 In
1070 1469 1173 1531 ceteris
1202 1479 1300 1531 autern
1332 1489 1369 1530 en
1391 1465 1451 1530 tibi

328 1592 452 1680 effigiem
481 1591 519 1656 ad
549 1591 720 1656 Solomonis
750 1593 917 1678 exemplum
946 1590 1053 1656 vividis
1083 1590 1233 1656 coloribus
1264 1611 1449 1678 expressam.

329 1717 566 1782 »Pulcherrimus
595 1717 769 1780 hominurn«
798 1729 842 1780 est
870 1729 973 1780 noster
1000 1737 1055 1780 rex
1083 1739 1112 1778 v.
1137 1714 1173 1793 33
1204 1729 1234 1780 et
1262 1718 1328 1804 quis
1357 1729 1452 1803 negat

327 1845 445 1907 venusti
456 1840 580 1906 Doridis
594 1854 622 1906 et
633 1841 773 1928 pulchrae
784 1840 972 1906 Bathshebae
984 1841 1076 1906 lilium
1090 1844 1189 1928 ipsum
1202 1862 1322 1928 quoque
1334 1840 1451 1906 formo-

328 1989 395 2031 sum
429 1965 542 2029 luisse?
580 1963 722 2030 »Summa
754 1969 849 2053 gratia
878 1978 906 2030 et
936 1969 996 2030 oris
1026 1969 1192 2031 suavitate«
1221 1965 1373 2052 praeditus
1404 1980 1452 2031 est

329 2101 458 2177 sponsus
483 2091 587 2154 cantici
609 2093 720 2168 nostri,
744 2103 774 2154 et
796 2094 862 2178 quis
887 2094 1031 2177 sapientia
1053 2104 1083 2156 et
1105 2091 1272 2178 eloquentia
1287 2089 1452 2178 superabat

329 2214 537 2292 Salomonem,
572 2218 624 2301 qui
657 2217 713 2278 tria
745 2214 836 2278 millia
864 2218 1091 2292 sententiarum,
1126 2219 1286 2280 carminum
1315 2218 1451 2303 quinque

328 2341 419 2406 millia
447 2343 629 2427 composuit,
664 2339 702 2403 ad
734 2360 821 2427 quem
848 2339 1026 2404 audiendum
1060 2343 1142 2404 missi
1176 2353 1248 2404 sunt
1276 2352 1449 2405 exterorum

328 2487 432 2553 regum
454 2464 562 2552 legati?
587 2460 617 2546 (1
635 2464 710 2552 Reg.
727 2463 808 2541 XlV,
827 2461 869 2530 29
885 2460 975 2551 sqq).
1011 2464 1120 2531 »Amat
1137 2465 1306 2550 justitiam«
1328 2468 1370 2542 is,
1395 2470 1450 2552 qui

328 2592 377 2654 hic
400 2588 579 2676 celebratur3
604 2592 722 2675 etquis
745 2591 838 2653 nescit
855 2587 1049 2674 Solomonem
1071 2591 1215 2676 sapientia
1236 2591 1323 2677 plane
1347 2589 1450 2654 divina

329 2715 439 2800 injure
456 2713 580 2778 dicendo
600 2713 778 2777 eminuisse?
802 2709 832 2795 (1
849 2713 924 2800 Reg.
940 2714 986 2791 Ill,
1004 2709 1069 2796 28).
1101 2713 1190 2797 Quod
1205 2714 1350 2802 significat
1364 2727 1448 2779 vates

329 2851 431 2904 noster
454 2815 592 2926 »Tyrum
615 2835 669 2919 (ita
691 2841 768 2902 enirn
791 2839 969 2902 locutionem
985 2831 1036 2910 'tlt
1051 2839 1119 2928 m,
1144 2839 1251 2904 »filiam
1267 2839 1378 2924 Tyri,«
1401 2843 1449 2904 in-

329 2963 446 3050 tellig03
477 2961 512 3026 cs.
536 2962 645 3050 2Reg.
665 2962 751 3039 XIX,
774 2958 830 3045 21)
854 2984 920 3026 eum
944 2962 1031 3027 donis
1054 2977 1244 3042 venturam«
1266 2963 1298 3028 id
1320 2966 1351 3028 in
1373 2977 1449 3028 tem·

329 3109 406 3175 pora
428 3073 600 3153 Solomonis
624 3090 734 3172 optimc
764 3087 909 3174 quadrare
938 3101 1100 3176 agnoscent
1129 3111 1245 3167 omnes,
1276 3093 1328 3176 qui
1350 3093 1450 3155 sciunt

331 3224 442 3299 quanta
464 3215 629 3276 commercii
651 3216 775 3276 societas
798 3225 870 3277 tunc
892 3213 1084 3278 intercederet
1105 3217 1181 3278 inter
1203 3212 1396 3279 Solomonem
1418 3228 1451 3280 et

329 3338 498 3415 Hiramum,
523 3349 552 3401 et
573 3337 676 3402 eodem
698 3336 794 3402 refero
818 3329 942 3444 ming]
965 3338 1029 3403 illas
1045 3341 1107 3403 sive
1122 3350 1216 3404 vestes
1224 3306 1449 3428 pbrypmnicos

331 3459 373 3546 (v.
393 3458 458 3545 15),
483 3483 557 3549 quas
580 3463 716 3527 mulieres
741 3462 850 3548 Tyriae
873 3485 928 3528 acu
950 3467 1072 3552 pingere
1095 3463 1230 3528 solebant
1252 3460 1333 3546 (vide
1356 3487 1450 3552 supra

331 3587 369 3652 ad
399 3571 544 3653 canticum
573 3586 708 3651 Deborae
732 3609 760 3649 v.
783 3582 855 3669 30).
899 3587 1014 3671 Quibus
1046 3587 1183 3654 omnibus
1212 3593 1394 3677 argumentis
1423 3595 1450 3655 si

331 3712 487 3798 adjeceris,
516 3710 548 3774 id
576 3710 661 3799 quod
687 3733 778 3797 supra
801 3711 1031 3790 demonstravi,
1048 3714 1106 3778 hoc
1129 3735 1244 3778 carmen
1266 3718 1297 3778 in
1320 3714 1451 3780 secunda

330 3850 429 3924 parte,
458 3839 477 3899 i.
500 3857 525 3900 e.
549 3840 580 3900 in
603 3839 803 3902 vetustissima
825 3837 1010 3916 collectione,
1040 3839 1242 3916 Psalmornm‚
1271 3840 1371 3904 locum
1395 3839 1452 3905 ob·

330 3963 451 4037 tinere,
464 3960 622 4037 concedes,
646 3963 768 4048 opinor,
800 3983 856 4026 nos
880 3976 947 4028 ante
970 3963 1073 4028 oculos
1096 3962 1204 4029 habere
1229 3965 1450 4052 epithalamium

331 4087 419 4164 illud,
450 4108 511 4174 quo
535 4085 706 4164 Nathanus,
731 4088 778 4152 vel
800 4087 875 4152 alius
898 4091 964 4175 quis
988 4101 1070 4154 vates
1094 4090 1222 4166 aulicus,
1251 4093 1329 4178 regis
1347 4091 1448 4176 jussu,

223 4197 225 4219 ¹
331 4215 451 4297 nuptias
467 4210 639 4277 Solomonis
655 4223 685 4276 et
703 4212 780 4276 filiae
793 4212 970 4290 Pharaonis,
993 4216 1113 4300 nuptias
1129 4213 1207 4279 unde
1221 4227 1337 4280 tanturn
1352 4214 1450 4280 bonae

332 4334 411 4423 frugi
426 4335 483 4401 sibi
497 4337 647 4424 pollicitus
670 4351 715 4402 est
729 4337 924 4403 Israelitarum
939 4361 1003 4417 rex,
1028 4351 1169 4428 tanquam
1184 4352 1298 4428 partem
1313 4343 1450 4406 eximiam

331 4457 511 4526 Jasbaranoe
533 4461 693 4528 laustitatis
715 4463 865 4550 relligioso
890 4477 978 4530 cautu
994 4463 1196 4533 concelebrare
1211 4465 1449 4553 aggrediebatur.
