3152 5160
594 391 804 500 „Q

50 573 53 579 Ι
140 591 255 668 delibus
271 601 450 668 Palaestinae
472 600 605 688 partibus
622 599 715 683 (Josb.
727 600 807 678 XlV,
825 599 845 664 6
861 595 911 680 al.)
929 611 957 664 et
979 601 1009 664 in
1032 597 1162 666 confiniis
1182 597 1255 664 ltu-

139 751 238 792 macae
261 727 419 814 degebant,
445 725 596 792 Sernitieae
619 725 740 794 familiae
763 723 997 792 adnumerandus
1020 745 1091 788 esse.

228 853 294 918 lam
322 875 392 918 vero
415 851 504 918 verba
531 855 595 938 ipsa
623 854 823 939 inspiciamus,
849 873 922 938 quae
950 849 1054 914 Habeli
1081 847 1252 914 sacrificium

139 978 310 1044 describunt
333 973 421 1060 (Gen.
438 977 488 1054 IV,
511 971 639 1066 3sqq.),
667 997 772 1064 nempe
798 977 893 1040 locum
921 975 1002 1040 illum
1024 977 1250 1051 ventissimam,

139 1125 278 1192 »mem«,
301 1115 336 1168 ut
361 1105 429 1188 jure
457 1106 628 1190 pronuntiat
650 1099 868 1178 Schmnannus,
893 1122 1029 1166 »crucem
1051 1102 1250 1186 interpretum,

139 1232 301 1316 antiquitus
330 1240 359 1292 et
388 1233 587 1292 conservatam
616 1238 645 1292 et
671 1239 877 1314 propagatam,
906 1225 987 1291 haud
1013 1227 1110 1312 inepte
1138 1223 1252 1301 dicasm

138 1356 169 1418 in
192 1375 252 1442 quo
275 1365 372 1418 tamen
398 1352 615 1440 interpretando
638 1355 708 1418 satis
735 1351 850 1418 habebo
878 1372 1019 1416 smnmam
1042 1349 1251 1416 dissertationis

137 1480 205 1564 ejus
232 1482 366 1555 recitare,
390 1501 477 1566 quam
505 1477 609 1543 abhinc
638 1477 807 1542 decennium
833 1479 864 1542 in
891 1474 1049 1542 Sacrarmn
1074 1473 1250 1540 Litterarum

136 1603 313 1690 Repertorio
335 1603 445 1690 publici
464 1604 541 1688 juris
564 1596 662 1684 leci¹).

147 1787 149 1794 ,
226 1729 387 1815 Praecipua
407 1727 497 1813 hujus
519 1727 576 1792 loci
591 1725 745 1792 difficultas
767 1728 798 1790 in
817 1745 904 1791 versu
917 1725 945 1790 7.
964 1728 1116 1813 reperitur,
1138 1726 1188 1813 qui
1208 1725 1250 1789 sic

136 1853 246 1940 legitur
267 1856 298 1918 in
318 1864 404 1918 textu
425 1852 635 1918 Masocetbioo:

590 1971 684 2070 osb
706 1983 838 2071 :turp-
838 1980 896 2048 us
917 1949 1017 2081 stin

354 2093 433 2204 qna
455 2107 574 2206 naun
597 2057 705 2206 onai
727 2109 843 2196 :turn
866 2076 922 2172 aab
944 2105 1017 2192 ῦιςιΙ

404 2221 463 2299 ta·
448 2183 588 2334 buca
611 2185 712 2331 nna]
704 2221 872 2334 topi
805 2220 885 2318 un
907 2195 1017 2332 piat

225 2352 309 2417 Hanc
336 2353 487 2420 lectionem
500 2307 556 2418 vel
583 2355 707 2442 antiquis
736 2321 917 2438 temporibus
945 2373 1004 2414 non
1030 2349 1114 2414 valde
1142 2359 1249 2413 certam

138 2477 226 2544 luisse
255 2490 285 2543 et
311 2479 388 2544 lectu
414 2477 542 2556 facilem,
567 2477 726 2543 ostendunt
747 2475 831 2540 LXX
857 2479 1043 2561 interpretes,
1068 2476 1118 2560 qui
1139 2476 1249 2537 versio·

136 2625 202 2668 nem
232 2626 250 2666 a
275 2603 470 2668 Masorethico
499 2616 585 2669 textu
611 2603 696 2666 valde
725 2601 935 2687 discrepantem
962 2599 1163 2686 protulerrmt:
1192 2592 1250 2661 otia

135 2725 196 2792 ἐὰν
218 2723 329 2810 ὀρθῶς
351 2731 574 2819 προσενέγκῃς,
597 2721 708 2811 ὀρθῶς
731 2723 767 2790 δὲ
789 2720 831 2810 μὴ
857 2722 978 2814 διέλρς,
1001 2721 1150 2809 ἥμαρτεςς
1173 2717 1249 2807 ἡσύ-

134 2868 252 2934 χασον
279 2848 360 2936 πρὸς
383 2849 462 2916 σέ“
446 2877 464 2938 q
493 2845 684 2939 ἆποστροφῆ
711 2843 826 2927 αυτοῦ,
854 2853 908 2912 καὶ
938 2844 976 2914 σι)
1005 2846 1112 2932 ἄρξεις
1139 2839 1249 2912 αυτοῦ.

1310 273 1421 424 s

134 2977 219 3044 Unde
241 2977 425 3043 manifestum
448 2990 493 3042 est
515 3001 564 3042 eos
587 2978 690 3064 legisse
712 2950 832 3080 ῆιὲΐζῑιῖ
854 2997 908 3062 pro
929 2969 1033 3080 illidii,
1057 2949 1180 3044 minu&
1203 2973 1249 3038 vel
1352 2952 1354 2961 ,

134 3079 239 3195 finib
267 3125 322 3190 pro
352 3078 476 3196 tinuit,
503 3107 704 3190 imperativum
734 3087 812 3206 (37
839 3123 895 3188 pro
921 3103 1073 3188 participio
1096 3091 1190 3200 ’(ΞἿ,
1220 3110 1249 3162 et

134 3227 260 3294 fortasse
288 3227 453 3294 confudisse
482 3221 630 3334 lnplv'ljt
659 3251 726 3294 carm
749 3220 896 3301 intimi
948 3225 992 3290 lta
1019 3224 1138 3313 quod
1129 3248 1160 3289 m
1191 3223 1247 3289 hoe

207 3517 228 3584 ¹)
251 3517 355 3571 Journal
372 3517 402 3572 ol
417 3517 504 3572 Sacred
522 3517 655 3572 Litcrature
676 3516 751 3572 1849.
770 3534 809 3570 oo.
822 3514 876 3569 Vll.
895 3532 935 3585 pp.
955 3511 1003 3566 124
1022 3530 1076 3584 sqq.
1111 3512 1179 3566 Hanc
1197 3511 1255 3565 dis·-

133 3617 286 3670 sectationem
310 3633 359 3670 non
382 3617 524 3688 dedignatus
547 3625 584 3670 est
607 3616 653 3670 sub
670 3633 772 3670 examen
796 3631 880 3669 vocare
899 3611 1052 3666 doctissimus
1075 3607 1113 3664 ille
1136 3609 1248 3682 idemque

132 3731 221 3786 parum
239 3713 283 3767 sibi
302 3713 412 3768 diffidens
431 3714 601 3768 Hebraicarum
620 3713 752 3766 litterarum
772 3714 902 3783 expositor,
921 3711 1040 3764 Henricus
1059 3707 1144 3762 Ewald
1163 3709 1247 3774 (dabr-

133 3811 223 3864 biicber
240 3811 264 3864 d.
283 3811 345 3864 bibl.
365 3811 532 3866 wissenscbalt
553 3811 707 3866 1850-51.
726 3828 749 3881 p.
769 3809 850 3878 205),
870 3810 910 3880 qni
931 3827 1008 3880 quum
1027 3826 1104 3862 meam
1124 3823 1246 3862 commen-

133 3904 248 3963 tationem
268 3911 325 3962 satis
344 3908 446 3980 superbe
458 3909 651 3963 commendasset
665 3919 779 3980 tanquam
798 3909 881 3963 neinen
895 3905 1007 3972 Aulsatz,
1024 3905 1128 3960 welcber
1145 3905 1185 3958 tm
1202 3903 1253 3956 den·

134 4007 241 4061 lustand
261 4007 303 4062 der
314 4007 495 4062 Wisscnscbalt
511 4009 544 4062 im
559 4009 662 4080 jctzigen
680 4006 788 4080 bogiand
806 4006 915 4060 winilich
928 4006 965 4059 ein
983 4004 1076 4059 lciibner
1088 4001 1197 4056 Versuch
1215 4017 1246 4056 zu

133 4122 226 4160 nennen
244 4106 284 4170 ist,
302 4106 326 4159 in
344 4105 439 4178 grosser
451 4104 596 4160 Dunlrelbeit
613 4105 664 4158 sich
676 4104 744 4158 bicbt
762 4123 793 4160 zu
810 4095 933 4170 macbenu,
952 4121 1003 4156 eam
1022 4102 1255 4173 interpretationem„

134 4219 208 4274 quam
231 4205 360 4274 proposui,
378 4204 478 4270 idcirco,
496 4213 525 4258 ut
543 4205 649 4269 videtur,
668 4204 790 4275 repudiat,
809 4206 865 4274 quia
883 4204 933 4274 ipse
952 4201 1079 4272 aliquando
1097 4199 1166 4252 aliam
1185 4215 1246 4269 qua·

134 4297 278 4372 lemeunque
301 4301 411 4356 editurus
438 4311 482 4356 est.
527 4301 648 4372 Equidem
675 4320 753 4356 meam
784 4301 925 4354 sententiam
953 4300 1102 4352 verissimam
1124 4297 1245 4368 judicabo,

135 4397 209 4454 donec
231 4401 351 4454 Henricns
375 4399 461 4454 Evald
484 4401 599 4455 veriorem
624 4400 803 4473 excogitaverit.
838 4397 886 4452 Sed
911 4395 961 4462 ille,
986 4405 1012 4450 ut
1035 4397 1133 4467 opinor,
1157 4394 1245 4452 frustra

135 4496 237 4551 sudabit.
