3166 5178
750 348 962 459 ..m-
1371 392 1386 424 ι

298 561 393 645 ipsius
422 559 530 644 spiritu
552 569 733 634 manantem
764 579 889 622 coenem
911 570 1023 634 autem,
1052 571 1171 624 terreno
1195 560 1317 646 pulvere
1340 559 1420 627 deri-

299 694 412 759 vatam,
436 693 467 745 ct
489 703 581 768 quum
604 681 676 745 haec
691 680 808 746 diversa
823 694 979 768 appetant,
1005 681 1108 747 debuit
1122 685 1240 771 utique,
1264 683 1320 750 Dei
1334 707 1419 748 rnen·

299 806 375 870 datis
393 804 542 883 obediens,
558 817 702 870 terrenam
718 826 802 869 suam
817 818 954 870 naturam
968 807 1085 878 caelesti
1097 807 1286 895 subjungere.
1304 807 1419 874 Verum

300 935 463 1006 enimvero,
488 951 565 994 vana
588 932 683 1016 specio
707 927 852 994 abductus
871 933 902 995 in
919 934 1030 1017 peccati
1045 932 1168 1020 laqueos
1185 930 1355 1010 declinavit3
1376 971 1413 980 —

299 1055 344 1132 εἰς
355 1049 538 1140 duodecem
552 1051 655 1118 τόθεν
669 1049 727 1119 οὐκ
738 1046 916 1140 durandulo
927 1049 1057 1120 θνατὸν
1068 1047 1237 1132 divitem
1248 1066 1363 1141 φυγεῖν
1376 1093 1413 1104 -

299 1181 442 1245 carnalem
460 1182 726 1266 concupiscentiam
740 1180 953 1244 immortalitati
968 1179 1123 1266 praetullt3
1148 1179 1227 1244 unde
1243 1178 1281 1244 ad
1295 1179 1417 1245 brevius

299 1307 376 1369 vitae
400 1307 529 1390 spatium
549 1303 686 1368 redactus
710 1316 770 1382 est3
799 1279 868 1368 dein
894 1316 1018 1368 conatus
1044 1303 1116 1368 deus
1139 1303 1203 1368 fieri
1226 1317 1255 1368 et
1277 1303 1418 1370 scandere

300 1429 425 1505 caelum,
449 1426 543 1492 beatis
566 1427 686 1493 sedibus
711 1428 857 1505 exulavit,
878 1426 911 1492 'et
931 1427 987 1492 sub
1003 1431 1106 1515 iniquo
1123 1427 1259 1492 laborum
1273 1428 1416 1516 pondere,

298 1566 422 1620 aetatem
445 1549 593 1617 contrivit.
635 1553 716 1618 Haec
739 1566 784 1635 cot
805 1555 944 1618 universa
966 1556 1123 1640 utriusque
1146 1551 1302 1640 fragmenti
1324 1556 1419 1640 signi·

297 1679 406 1744 ficatio.
452 1677 517 1742 tam
539 1699 752 1765 persequamur
774 1677 899 1766 singula.

386 1801 431 1868 Ac
458 1805 586 1888 primurn
615 1801 733 1889 quidem
763 1805 911 1867 exteriora
939 1802 1065 1866 duarum
1094 1805 1297 1866 narrationum
1324 1801 1417 1868 linea-

297 1939 396 1991 menta
418 1929 494 1989 inter
517 1947 548 1988 sc
572 1925 784 1991 conferantur«
805 1925 914 2014 Utique
928 1931 1012 2014 prior
1026 1927 1076 1990 illa
1090 1930 1122 1991 in
1136 1927 1310 2015 gentilitiam
1323 1927 1417 1992 lsrae-

297 2053 416 2116 litarum
438 2052 592 2114 historiam
615 2051 692 2115 illico
717 2050 872 2116 delabitur.
906 2050 981 2115 Nam
996 2051 1145 2129 Adamus,
1169 2065 1205 2116 ut
1226 2051 1417 2139 Evangelista

297 2175 432 2262 loquitur
455 2170 539 2256 (Luc.
555 2175 592 2240 lll
615 2199 643 2240 v.
661 2171 742 2258 ult),
767 2175 825 2240 suit
845 2175 924 2239 filius
939 2175 1004 2240 Dei.
1040 2175 1172 2242 Sethitae
1187 2179 1280 2264 igitur
1295 2189 1325 2242 et
1339 2175 1417 2243 She-

298 2302 399 2376 mitae,
424 2320 441 2361 a
464 2320 524 2385 quo
549 2301 692 2384 originem
715 2321 799 2363 suam
823 2298 1007 2364 deducebant
1027 2299 1188 2378 israelitae,
1214 2299 1334 2366 eandem
1357 2300 1417 2365 sibi

298 2415 522 2511 aprlellationem
551 2422 755 2502 vindicabant;
785 2438 815 2489 et
842 2428 874 2488 in
902 2423 1031 2489 secunda
1058 2438 1142 2512 parte
1168 2424 1333 2491 videbimus
1364 2424 1416 2489 de-

297 2550 493 2636 signationem
514 2547 642 2631 cheli,
671 2570 731 2636 qua
759 2571 831 2636 gens
855 2549 945 2614 electa
968 2572 985 2614 a
1007 2550 1121 2634 rejectis
1144 2550 1285 2614 Kinnaeis
1310 2548 1416 2614 distin·

297 2677 408 2761 guitur,
433 2673 612 2760 significasse
635 2695 704 2751 eos,
729 2676 781 2760 qui
795 2673 891 2740 Deum
914 2673 1075 2762 diligebant
1097 2687 1186 2762 atque
1209 2673 1246 2738 ab
1264 2697 1300 2740 eo
1318 2673 1414 2738 dilecti

268 2839 271 2846 -
297 2812 389 2864 erant.
423 2799 565 2864 Homines
589 2811 686 2862 autem
709 2801 744 2875 ii,
769 2802 821 2886 qui
843 2821 968 2885 procero
992 2820 1117 2887 corpore
1132 2801 1229 2864 notati
1247 2812 1330 2876 sunt,
1356 2797 1415 2865 Ca·

296 2925 431 2988 naenitao
465 2935 551 2999 sunt,
588 2925 640 3009 qui
668 2922 829 2999 Israelitas,
864 2936 1004 3010 tanquam
1039 2923 1176 3010 pusillam
1210 2922 1414 3010 imbellemque

295 3061 450 3136 pastorum
478 3051 642 3124 nationem,
675 3047 826 3134 despectui
850 3045 1009 3112 habebant.
1058 3045 1139 3130 Quae
1163 3069 1255 3135 qutun
1278 3051 1320 3112 ita
1342 3051 1411 3124 sint,

297 3171 443 3261 quidquid
465 3175 495 3235 in
518 3175 618 3258 priore
641 3153 805 3260 fragmento
830 3171 867 3238 ab
891 3172 982 3236 altero
1005 3171 1142 3248 dissidet,
1166 3172 1241 3237 illud
1255 3172 1294 3237 ad
1309 3194 1414 3238 secun·

297 3297 362 3361 darn
385 3309 499 3383 partem
521 3295 705 3361 referendum
729 3294 816 3360 duco.
853 3294 1021 3362 Cohaerent
1036 3310 1133 3361 tamen
1148 3301 1309 3362 arctissime
1325 3297 1412 3362 ambo

296 3421 458 3510 fragmenta
480 3424 511 3484 in
535 3442 568 3485 ca
591 3423 735 3485 sententia
753 3442 842 3508 quam
858 3419 931 3486 Gen.
946 3419 1041 3498 V1‚3
1065 3420 1207 3499 declarat,
1230 3445 1334 3511 nempe
1350 3423 1414 3489 car·

295 3567 361 3611 nem
383 3559 516 3611 nostram
539 3559 600 3610 tam
622 3549 733 3633 peccati
756 3567 844 3634 quam
867 3549 972 3610 mortis
995 3549 1026 3610 in
1049 3568 1079 3611 se
1102 3547 1345 3614 seminahabcre.
1379 3549 1413 3612 ln

295 3671 350 3734 hac
372 3692 403 3734 re
427 3670 601 3734 declaranda
618 3693 679 3734 non
695 3670 784 3734 modo
802 3674 970 3736 communio
987 3670 1130 3758 quaedam
1145 3673 1221 3736 inter
1237 3672 1313 3736 duos
1329 3673 1412 3738 locos

294 3794 462 3872 intercedit,
493 3797 534 3858 ita
561 3807 596 3858 ut
624 3793 661 3858 ab
691 3794 783 3859 altero
806 3795 844 3858 ad
867 3795 991 3859 alterum
1013 3795 1081 3860 inde
1103 3798 1228 3861 transire
1250 3800 1411 3883 possimus,

295 3918 347 3984 sed
374 3922 416 3983 ita
444 3922 475 3982 in
503 3940 538 3982 co
563 3922 765 3996 consentiunt,
796 3922 911 4006 inquo
936 3919 1024 3984 cardo
1047 3923 1090 3984 rei
1112 3935 1264 3998 versatur,
1293 3933 1328 3985 ut
1350 3919 1411 3985 duo

293 4045 366 4110 haec
388 4043 564 4130 fragmenta,
588 4055 729 4130 tanquam
752 4040 838 4107 binae
853 4042 970 4120 valvae,
996 4042 1034 4109 ed
1050 4065 1139 4110 unam
1155 4045 1287 4132 ejusdem
1303 4046 1413 4112 doctri·

293 4189 348 4233 nae
370 4168 613 4254 significationem
639 4169 714 4232 viam
738 4169 879 4254 aperiant.

381 4291 494 4357 Verum
523 4314 642 4358 sensum
670 4291 830 4358 verborum
858 4287 947 4398 Ἶῐζΐξ
976 4298 1047 4367 &lli
1076 4288 1204 4399 Πξῐρἒ
1241 4317 1308 4360 eum
1336 4316 1410 4372 esse,

294 4435 380 4502 quem
403 4419 434 4482 in
450 4420 586 4485 versione
601 4417 707 4485 Latina
728 4423 832 4507 posui,
858 4419 1033 4485 confirmant
1054 4423 1152 4486 cuncti
1168 4390 1295 4488 sanioris
1305 4419 1412 4506 judicii
