3172 5186
612 355 833 484 rna

150 563 285 641 σκότους
307 557 438 642 τούτου,
468 555 504 628 τὸ
534 559 753 647 πνευματικὸν
775 563 829 650 τῆς
852 568 1007 651 πονηρίας
1029 562 1065 630 lv
1088 572 1154 639 τοϊς
1176 561 1274 629 ἐπου-

150 691 276 774 ρανίοις
299 685 388 776 (llpb.
404 688 456 768 VI,
476 685 539 772 12),
565 702 594 754 et
617 711 709 777 quum
732 691 757 754 is
781 690 891 754 nullam
907 689 1023 766 habeat,
1048 703 1083 755 ut
1107 689 1275 754 scholastici

150 816 250 890 aiunt,
279 823 453 878 concretam
479 815 681 880 substantiam
719 827 748 878 et
785 815 1007 898 assistentiam,
1044 813 1098 880 sed
1129 817 1212 878 vivat
1246 825 1275 878 et

149 939 253 1024 vigeat
272 939 472 1025 potentialiter
494 941 526 1002 in
548 938 719 1004 hominibus
742 961 878 1026 nequam,
902 938 1058 1026 flagitiosis
1082 952 1111 1003 et
1133 939 1272 1016 scelestis,

149 1061 264 1126 locutio
294 1062 342 1126 illa
365 1085 419 1149 per
442 1085 473 1128 sc
497 1063 648 1128 collectiva
670 1076 729 1140 est,
759 1076 788 1128 et
815 1064 862 1128 vel
889 1066 952 1128 sine
974 1063 1107 1149 praefixo
1131 1063 1194 1134 ὉΞ
1216 1084 1273 1148 pro

150 1189 270 1250 nomiae
292 1190 407 1252 numeri
430 1185 532 1252 haberi
558 1200 673 1274 potest,
703 1199 739 1252 ut
768 1187 854 1254 docet
882 1190 1032 1275 appositio
1056 1190 1139 1254 vocis
1161 1156 1273 1290 nub?

150 1331 206 1396 pro
232 1284 315 1413 Πξῇ
338 1315 369 1376 in
393 1313 484 1376 altero
508 1312 575 1376 loco
601 1308 634 1394 (2
651 1310 731 1377 Sam.
747 1311 853 1390 XXIII,
873 1308 918 1394 6).
1263 1289 1268 1300 ⁵

240 1413 366 1500 Notabis
389 1458 507 1501 versum
532 1434 575 1500 30
598 1438 736 1523 scriptori
761 1435 834 1502 Gen.
849 1435 963 1513 XLIX,
987 1459 1036 1500 vv.
1054 1433 1090 1513 6,
1111 1433 1151 1500 19
1175 1434 1273 1523 dupli-

151 1581 212 1624 cem
235 1560 370 1625 imitandi
393 1564 540 1626 materiem
557 1560 738 1648 praebuisse.
773 1560 852 1624 Idem
868 1582 983 1639 versus,
1007 1573 1043 1626 ut
1057 1574 1087 1626 et
1101 1583 1204 1626 versus
1219 1557 1272 1636 38,

151 1683 189 1748 ad
203 1683 327 1748 Davidis
351 1685 506 1749 historiam
530 1698 662 1772 spectare
684 1698 800 1771 potest3
825 1685 861 1750 cI.
882 1683 896 1750 I
916 1684 995 1750 Sam.
1011 1684 1112 1763 XXX,
1130 1684 1165 1750 8:
1193 1684 1274 1749 »Da-

150 1807 233 1872 vides
258 1812 452 1896 interrogavit
473 1809 618 1874 Jehovam
633 1833 706 1874 num
721 1813 745 1874 si
762 1822 896 1876 tremam
910 1809 988 1874 illam
1012 1804 1145 1901 (ἹῊᾎῌ)
1163 1831 1272 1895 perse-

150 1943 309 2021 queretur,
342 1932 375 1998 id
402 1936 441 1998 sit
470 1932 684 2000 assecuturos?
719 1948 748 2001 et
781 1957 958 2023 responsum
992 1935 1074 1999 tulit:
1096 1904 1136 1998 'si
1169 1934 1272 1999 hostes

149 2071 386 2144 persequeretur,
410 2081 472 2123 non
488 2059 585 2124 solum
602 2082 653 2124 eos
669 2073 874 2126 assecuturum
898 2082 971 2137 esse,
995 2055 1150 2124 sedetiam
1174 2061 1273 2123 omnia

148 2195 418 2268 recuperaturums
462 2183 532 2250 Alia
554 2183 735 2250 Iasheranae
763 2187 936 2250 imitationis
960 2187 1084 2272 vestigia
1108 2206 1199 2271 supra
1222 2183 1273 2248 dc-

148 2306 359 2394 prchendimus
381 2310 413 2372 in
436 2311 548 2374 cantico
573 2309 678 2387 Mosis,
704 2310 787 2398 quod
809 2333 858 2375 vv.
876 2307 935 2387 31,
961 2307 1017 2386 34,
1034 2306 1077 2372 45
1101 2329 1203 2394 presse
1226 2329 1272 2372 sc·

150 2435 253 2518 quitur
282 2428 388 2513 (Dent.
410 2429 552 2512 XXXIII,
577 2429 648 2516 29).
709 2433 877 2517 Quinetiam
907 2436 1044 2520 spiritum
1073 2435 1172 2518 ipsum
1203 2430 1272 2496 libri

103 2593 107 2600 ·
148 2555 305 2622 lasharani
336 2559 366 2620 in
394 2579 602 2646 congnoscas
625 2557 707 2636 lice't,
739 2543 822 2646 quod
844 2557 973 2623 Derides
996 2556 1127 2622 Jehovae
1150 2556 1272 2619 tutelam

149 2693 178 2746 et
200 2679 379 2746 sanstitatcm
396 2703 479 2746 suam
503 2681 571 2747 inde
595 2683 756 2750 derivatam
778 2681 922 2769 probitati
946 2695 974 2746 et
996 2681 1157 2769 relligioni,
1182 2703 1270 2768 quam

148 2818 305 2884 servasset,
329 2809 414 2872 unice
436 2805 623 2873 tribuendam
647 2821 745 2874 censet
768 2805 830 2891 (vv.
848 2806 891 2874 20
907 2802 997 2895 sqq.).

603 3005 814 3014 —-.--.-..-

449 3169 490 3238 n
514 3169 726 3239 omnem
749 3170 960 3257 ouanrnu.

656 3321 763 3331 —-.

217 3427 335 3493 Titulus
359 3429 449 3517 hujus
481 3433 585 3494 cantici
608 3433 638 3494 in
662 3433 866 3517 antIquissima
891 3431 1061 3495 collectione
1085 3423 1147 3511 (Ps.
1166 3425 1233 3511 LX)
1249 3423 1270 3512 ¹)

147 3576 219 3641 prae
242 3575 272 3617 se
295 3552 353 3618 sert
374 3553 406 3617 id
428 3576 492 3619 esse
512 3577 628 3620 carmen
652 3553 829 3618 didacticum
852 3554 998 3619 aDavide
1022 3556 1162 3640 scriptum
1185 3564 1270 3638 post-

148 3701 237 3767 quam
265 3691 429 3766 pugnasset
456 3702 523 3743 curn
550 3680 776 3766 Mesopotamiis
806 3692 836 3744 et
865 3678 950 3766 Syris
980 3676 1120 3755 Sobaeis,
1154 3675 1269 3742 Joabus

146 3826 218 3869 vcro
242 3824 380 3868 reversus
403 3806 435 3868 in
457 3805 532 3870 valle
561 3805 631 3869 salis
660 3803 815 3874 duodecim
845 3804 935 3870 millia
962 3803 1166 3869 Edomitarum
1194 3804 1270 3866 occi·

147 3927 249 3994 disset.
299 3928 379 3994 Vera
407 3951 471 3994 esse
500 3951 575 4017 quae
607 3933 638 3994 in
667 3932 725 3995 isto
761 3929 849 3994 titulo
879 3928 1052 4004 traduntur,
1082 3930 1135 3992 vix
1164 3948 1270 4013 operae

147 4057 276 4142 pretium
299 4052 405 4121 fuisset
427 4053 592 4131 ostendere,
616 4057 674 4119 nisi
697 4066 743 4118 tot
758 4057 932 4141 interpretes
950 4056 981 4117 in
997 4053 1052 4119 alia
1069 4055 1167 4117 omnia
1181 4049 1270 4116 abiis-

206 4345 226 4409 ¹)
256 4343 352 4398 Partim
375 4346 481 4400 iteratur
505 4345 554 4398 hoc
578 4363 676 4400 carmen
699 4345 725 4398 in
748 4342 838 4398 ultius
865 4343 1015 4399 collchIone
1039 4341 1146 4413 (Psalm.
1162 4341 1269 4410 evm),

146 4441 191 4496 ubi
208 4441 345 4500 nl’oalmus
364 4443 486 4500 Doridis·
505 4442 654 4516 appelletur.
1103 4439 1119 4472 ¹
