3166 5178
706 409 754 483 25

88 675 100 697 ,
170 622 306 710 syllogeu
330 623 526 685 continentem
551 623 649 685 onmia
671 619 720 714 illa
743 619 920 708 fragmenta,
945 643 1021 709 quae
1042 622 1204 710 relligionis
1219 643 1291 686 nor·

169 769 263 823 mam,
296 746 369 834 legis
397 746 554 812 medullam
582 744 752 822 tradebant,
789 769 864 834 quae
893 747 940 810 vel
966 746 1125 834 probitatis
1155 760 1290 811 naturam

171 869 366 948 exhibebant,
402 871 449 934 vel
479 893 619 935 verorum
655 884 684 934 et
718 873 899 936 sincerorum
926 871 1123 936 Israelitarum
1150 875 1290 936 victorias

171 995 370 1074 celebrabant,
396 994 562 1059 felicitatem
584 994 810 1082 praedicabant,
839 996 969 1061 loturam
991 995 1202 1062 beatitudinem
1223 997 1291 1084 pol·

170 1119 343 1185 licebantur.
391 1119 544 1208 Quidquid
573 1121 664 1208 hujus
687 1119 813 1198 farinae,
846 1125 878 1185 in
902 1125 991 1186 sacris
1014 1121 1196 1186 ludaeorum
1219 1125 1291 1188 seri-

170 1249 231 1333 ptis
255 1246 442 1333 implicitum,
472 1268 528 1332 pro
553 1259 650 1310 vetere
673 1246 837 1335 fragmento
861 1245 964 1311 haberi
985 1259 1100 1334 potest,
1128 1245 1160 1310 id
1182 1247 1291 1312 scilicet

171 1373 248 1435 inter
270 1369 338 1434 libri
361 1371 518 1436 lasbaraui
540 1371 690 1459 relliquias
712 1372 811 1436 locum
834 1371 891 1436 sibi
915 1371 1077 1438 vindicabit
1099 1385 1128 1437 et
1149 1385 1290 1460 tanquam

170 1496 346 1583 postliminii
365 1497 433 1582 jure
455 1509 628 1562 revertetur.

625 1691 837 1700 -..-.-.-——-

568 1888 830 1966 CAPITULUM
856 1889 899 1965 V.

172 2063 299 2129 Quanam
319 2063 567 2140 rationeueruenda
588 2065 644 2120 sint
664 2073 692 2120 et
713 2063 861 2138 digerenda
881 2063 944 2122 libri
961 2063 1108 2122 Jasharaoi
1127 2062 1289 2142 fragmenta.

679 2233 785 2242 ——-

261 2369 312 2434 Ad
332 2369 400 2434 libri
415 2369 572 2434 Jasharani
594 2368 757 2457 fragmenta
780 2357 976 2458 recolligenda
998 2383 1033 2434 ut
1055 2384 1135 2435 recta
1150 2374 1199 2434 via
1219 2394 1291 2459 pro·

173 2494 349 2584 grediamur,
374 2499 404 2558 in
426 2498 529 2582 primis
554 2494 754 2582 quaerendum
770 2507 830 2571 cst,
856 2516 985 2581 quonam
1000 2507 1132 2580 tempore
1147 2498 1205 2558 ista
1218 2518 1292 2583 poc-

173 2635 284 2686 matum
307 2620 421 2708 sylloge
442 2623 582 2684 inunum
598 2641 707 2705 corpus
722 2618 840 2682 redacta
856 2621 903 2682 sit.
939 2617 978 2683 Et
994 2621 1092 2683 omnia
1107 2619 1289 2697 confirmant,

173 2746 204 2811 id
233 2745 315 2834 quod
341 2749 438 2832 primo
469 2743 578 2809 obtutu
600 2743 841 2807 verisimillimum
872 2756 930 2820 est,
961 2742 1123 2809 Solomone
1151 2757 1291 2832 regnante

173 2885 291 2936 vetusta
319 2871 369 2934 illa
397 2873 539 2945 carmina,
570 2891 686 2934 cascum
709 2868 783 2934 illud
804 2867 955 2933 Hebraeae
977 2872 1094 2955 pietatis
1117 2892 1292 2935 monumen-

172 3012 251 3074 tmn,
283 3009 442 3061 convasata
465 3017 543 3072 esse,
575 2995 736 3081 descripta,
768 3007 797 3059 et
819 2999 895 3059 inter
916 2996 1161 3082 pretiosissimam
1183 2995 1292 3060 floren-

173 3125 279 3188 tissimi
309 3123 423 3208 imperii
452 3120 659 3207 supellectilem
689 3123 829 3206 reposita.
877 3119 952 3184 Nam
982 3133 1054 3184 tunc
1079 3124 1221 3208 temporis
1243 3142 1291 3185 res

173 3246 333 3313 Hebraieac
361 3246 399 3310 ad
428 3267 574 3310 summum
604 3245 749 3310 felicitatis
778 3245 892 3318 culmen
917 3259 1120 3333 pervenerant.
1167 3243 1291 3310 Solomo

174 3372 361 3438 Bon-David
383 3373 517 3436 latiorem
541 3369 696 3435 exercebat
719 3369 965 3448 dominationem,
994 3393 1082 3458 quam
1106 3371 1184 3435 ullus
1208 3383 1292 3437 antea

174 3520 228 3563 rex
257 3520 310 3562 seu
339 3496 418 3561 soles
448 3499 544 3584 gentis
566 3496 749 3561 Israeliticae.
795 3496 892 3584 Regni
921 3499 969 3559 sui
993 3495 1066 3561 fines
1091 3493 1127 3560 ab
1152 3495 1291 3582 Aegypto

175 3636 204 3688 et
224 3623 391 3688 Philistacis
421 3645 516 3710 usquc
547 3621 585 3686 ad
606 3621 789 3709 Euphratem
811 3622 999 3708 propagavit.
1045 3619 1143 3685 Naves
1168 3621 1231 3707 ejus
1255 3643 1290 3685 ex

176 3747 287 3835 Ophiro
311 3769 415 3811 aurum
438 3760 467 3811 et
488 3751 621 3843 propiosa
643 3747 735 3835 ligna,
761 3769 800 3811 ex
816 3747 974 3812 Tartessiis
997 3746 1170 3834 regionibus
1187 3771 1292 3813 aurum

145 3862 150 3871 ’
175 3887 204 3939 et
226 3885 395 3961 argentum,
420 3871 509 3950 ebur,
535 3886 564 3937 et
586 3875 701 3937 rariora
723 3871 858 3936 animalia
881 3871 1050 3936 afferebant.
1089 3871 1164 3938 Cum
1186 3887 1293 3960 poten·

177 4002 289 4063 tissimo
304 3997 436 4086 Aegypti
458 4021 527 4086 rege
550 3997 719 4062 affinitatem
742 4001 922 4062 matrimonii
938 4011 1135 4062 contraxerat.
1170 3999 1291 4062 Hiramo

177 4125 271 4211 Tyrio
294 4123 475 4188 familiariter
497 4123 646 4188 utebatur.
683 4120 767 4188 Unde
789 4127 864 4187 istos
888 4136 1016 4188 rectores
1041 4135 1070 4186 et
1087 4125 1185 4187 socios
1202 4122 1293 4188 habe-

175 4249 227 4313 bat
250 4262 278 4313 et
301 4253 419 4314 amieos.
455 4249 521 4313 Pax
544 4249 620 4314 alma
643 4262 672 4314 et
694 4251 899 4313 commercium
923 4247 1080 4330 dona-sua
1101 4247 1213 4336 ubique
1235 4251 1294 4314 lar-

176 4372 340 4462 giebantur.
379 4375 458 4439 luter
480 4387 528 4439 tot
548 4375 740 4439 humanitatis
764 4386 794 4438 et
816 4373 983 4460 opulentiae
1004 4373 1201 4440 emolumenta
1221 4398 1293 4464 pro-

178 4497 315 4564 culdubio
339 4501 451 4565 litterae
475 4514 504 4566 et
520 4503 620 4589 poesis
639 4523 701 4566 nou
718 4498 892 4578 sordebant,
916 4503 1089 4587 praesertim
1105 4522 1197 4588 quum
1212 4499 1291 4584 binc,
