3166 5178
614 323 825 430 A

160 529 269 594 dantur
298 529 425 594 annales
448 531 495 594 vel
524 527 733 617 ephemerides
764 525 896 634 (mlii
925 533 1016 625 ὛὋἾ
1049 527 1143 636 Ἶξῦ)
1173 555 1282 618 reptem

157 653 399 720 Israeliticorcem
423 649 464 738 (v.
482 650 538 738 39)
562 655 609 719 vel
633 653 827 720 Judaeoroor
850 651 929 739 (46).
970 627 1013 722 Ᾰῑ
1035 615 1116 722 νοωτ
1130 661 1180 721 isti
1202 656 1280 736 libri,
1333 687 1346 699 =

160 782 306 866 ceterique
330 780 460 866 ejusdem
483 785 613 869 generis,
647 779 684 844 ad
712 803 759 845 res
783 795 881 869 gestas
904 784 1007 868 potius
1031 804 1120 869 quam
1143 782 1181 845 ad
1203 783 1281 845 relli-

158 908 261 992 giosos
284 905 488 970 Hebraeorum
517 929 621 971 sensus
644 919 849 992 respexerunt.
898 906 957 989 Qui
980 930 1050 971 sane
1073 910 1099 970 si
1122 905 1281 971 etiamdum

159 1043 348 1117 superessent
370 1003 465 1094 insius
489 1029 576 1095 nobis
595 1030 795 1114 declararent,
819 1030 940 1096 ubinam
964 1035 995 1096 in
1019 1031 1134 1096 deserto
1152 1031 1281 1095 Arabiae

159 1154 355 1221 subsisterent
368 1156 531 1233 Israeliten,
557 1169 633 1242 quot
655 1155 730 1220 bella
753 1155 961 1244 profligarent,
987 1171 1062 1244 quot
1079 1169 1181 1246 gentes
1200 1159 1281 1221 devi-

159 1293 271 1358 cerent,
301 1279 391 1346 urbes
419 1294 574 1367 caperent,
608 1282 688 1368 quali
715 1294 820 1369 postea
848 1281 1005 1368 splendore
1034 1286 1281 1370 regesipsorum

157 1409 306 1484 viverent,
340 1404 517 1493 quibuscum
545 1407 668 1494 populis
697 1409 870 1470 commercia
898 1421 1076 1474 exercerent.
1124 1407 1205 1490 Quae
1233 1430 1280 1472 res

156 1543 193 1595 ut
219 1534 348 1618 pretium
377 1552 464 1595 suum
493 1530 637 1608 habeant,
667 1553 762 1618 neque
791 1515 895 1596 fructu
922 1532 1052 1618 quodem
1074 1532 1121 1597 vel
1144 1533 1182 1597 ad
1203 1533 1281 1597 relli-

157 1659 277 1743 gionem
307 1655 458 1722 colendam
487 1669 618 1733 careant,
655 1654 892 1723 Christianorum
922 1669 1020 1721 tamen
1049 1657 1118 1742 plus
1148 1660 1278 1734 interest,

157 1793 193 1844 ut
214 1781 319 1845 ultima
341 1779 491 1846 Hebraeae
517 1785 634 1868 pietatis
659 1781 801 1846 clementa
823 1784 1024 1868 expiscemur,
1056 1803 1116 1868 quo
1140 1781 1224 1846 reddi
1247 1805 1282 1846 ac

156 1906 290 1970 resoluta
318 1905 421 1970 referri
448 1910 567 1994 possint
596 1909 754 1971 commixta
780 1907 830 1970 illa
852 1906 978 1970 traditae
1001 1909 1160 1992 sapientiae
1184 1906 1279 1971 effata.

159 2028 249 2112 Quod
278 2025 540 2118 quo'cumulatius
565 2031 759 2108 effecerimus,
791 2054 825 2096 eo
849 2035 975 2118 propius
999 2031 1037 2096 ad
1059 2034 1191 2118 integros
1213 2030 1282 2096 fon-

158 2167 202 2219 tes
227 2155 362 2220 accedere
385 2155 485 2220 licebit
506 2169 595 2243 atque
616 2157 750 2234 haurire3
776 2179 810 2220 eo
828 2160 970 2222 sincerius
986 2157 1177 2243 depascemur
1192 2179 1282 2222 aurea

160 2279 211 2343 illa
235 2280 313 2346 dicta

358 2388 477 2456 »Aurea
499 2402 643 2477 perpetua
666 2412 780 2477 semper
803 2391 974 2478 dignissima
996 2391 1077 2452 vita«

160 2551 196 2594 eo
220 2533 371 2595 certiorem
395 2535 526 2596 veritatis
551 2533 667 2595 divinae
692 2531 847 2596 obrussam
872 2534 1088 2606 nanciscemur,
1113 2552 1148 2594 co
1173 2530 1279 2594 clarius

159 2677 193 2718 ac
218 2656 383 2721 distinctius
406 2657 559 2722 audiemus
584 2656 738 2721 coelestem
760 2657 839 2722 illam
860 2678 978 2731 vocem,
1008 2676 1083 2741 quae
1105 2676 1159 2740 per
1181 2666 1279 2718 totum

158 2779 323 2846 Bibliorum
348 2795 520 2846 concentum
542 2780 653 2868 ubique
675 2795 809 2859 resonat,
835 2795 864 2845 et
880 2784 965 2868 quasi
979 2780 1100 2866 pallium
1115 2791 1278 2867 retegentes

158 2908 189 2970 in
212 2909 277 2992 ipsa
302 2905 412 2970 oraculi
435 2907 596 2992 penetralia
619 2909 697 2970 viam
720 2907 807 2972 nobis
831 2910 1004 2993 aperiemus.

247 3031 293 3096 Ac
314 3032 386 3095 milri
411 3031 529 3118 quidem
552 3036 740 3119 propositum
764 3045 809 3096 est
831 3045 866 3096 ut
889 3031 1086 3096 demonstrem
1101 3031 1279 3117 relligiosum

159 3154 265 3222 Sacrae
290 3153 460 3244 Scripturae
489 3157 646 3222 medullam
670 3161 701 3221 in
723 3156 799 3222 libro
823 3158 989 3222 lasharano
1013 3158 1171 3232 contineri,
1201 3176 1292 3218 ecun-=

158 3303 216 3368 que
239 3285 354 3346 criticae
377 3285 501 3346 rationis
526 3305 583 3369 ope
606 3283 750 3348 enucleari
772 3304 863 3370 posse
886 3294 975 3369 atque
997 3285 1028 3348 in
1042 3284 1198 3367 pristinam
1218 3279 1279 3343 lor·

156 3429 235 3471 mam
259 3407 473 3494 quadamtenus
496 3411 614 3474 restitui
638 3430 671 3472 ac
693 3408 896 3496 redintegrari.
