3152 5160
680 327 730 398 ot

140 535 305 622 lignitatem
333 535 490 617 rettulisse.
538 534 600 600 Sed
628 535 818 600 nihilosecius
849 539 957 601 solanus
987 557 1043 600 uos
1071 539 1170 602 omnia
1193 537 1264 602 haec

142 659 299 725 dumtaxat
326 663 358 724 in
386 663 486 725 nervis
517 663 668 747 corporeis
695 659 794 725 sedem
817 682 901 724 suam
925 659 1068 726 obtinere.
1116 661 1150 726 Si
1172 664 1265 750 igitur

142 784 225 849 baud
252 784 415 873 quidquam
445 788 570 852 interest
589 788 667 851 iuter
688 785 849 852 Diabolum
871 788 961 852 istum
984 799 1013 851 ct
1037 807 1166 864 carnem,
1195 809 1263 874 per·

142 931 217 974 sona
241 913 302 974 sive
326 913 453 976 essentia
475 911 627 978 rationalis
650 911 732 976 nulla
755 925 814 989 est,
839 933 915 1000 quae
937 933 994 981 uos
1010 912 1058 976 vel
1078 933 1132 999 per
1148 933 1262 978 carnem

141 1034 189 1099 vel
210 1057 264 1122 per
286 1047 412 1100 mentem
427 1048 519 1102 vexat
540 1047 570 1101 et
592 1036 740 1102 sollicitat.
776 1036 876 1124 Atque
899 1036 955 1102 bac
978 1036 1167 1102 conclusione
1182 1038 1263 1102 nulla

142 1158 223 1246 apud
244 1159 396 1226 Euclidem
421 1160 633 1226 demonstratio
658 1164 766 1226 certior
787 1174 842 1228 cst.
886 1156 932 1244 (2)
957 1160 1102 1249 Deinceps
1124 1160 1260 1248 probabo

142 1282 263 1350 Sacram
279 1284 464 1374 Scripturam
487 1287 604 1352 disertis
628 1285 726 1352 verbis
751 1286 870 1363 docere,
895 1286 1006 1352 nullam
1029 1287 1114 1352 aliam
1137 1309 1201 1352 esse
1224 1285 1262 1351 ad

141 1423 293 1498 peccatum
314 1410 565 1488 sollicitationem,
591 1425 707 1499 practer
730 1433 808 1488 eam,
833 1433 909 1500 quae
926 1412 972 1476 vel
995 1415 1027 1477 in
1049 1435 1135 1478 carne
1157 1416 1261 1477 unius·

140 1537 286 1624 cujusque
308 1538 438 1602 bominis
462 1539 519 1602 sita
541 1549 601 1614 est,
624 1537 670 1601 vel
693 1511 724 1602 in
746 1537 867 1616 mundo,
893 1541 945 1624 qui
968 1536 1128 1604 carnalium
1146 1549 1262 1602 constat

139 1661 295 1726 bominum
319 1675 420 1738 coetu,
449 1675 594 1728 versatur.
632 1662 666 1726 ln
689 1665 824 1728 oratione
846 1662 1015 1739 Dominus,
1046 1675 1166 1728 auctore
1188 1662 1261 1728 Jesu

141 1783 278 1864 Christo,
309 1787 406 1852 Deum
433 1809 602 1875 precamur:
632 1809 688 1852 »ne
716 1787 838 1852 inducas
866 1810 924 1854 nos
952 1791 984 1854 in
1010 1801 1178 1875 peccatum,
1206 1786 1261 1854 'sed

139 1910 233 1978 libera
259 1935 316 1978 nos
345 1936 363 1978 a
390 1935 484 2002 pravo
512 1914 585 1979 illo«
615 1907 676 1998 (μή
701 1911 876 2002 siceramque
897 1909 981 2001 ἡμᾶς
1003 1914 1048 1990 εἰς
1070 1908 1259 1999 πειρασμὸν,

139 2028 227 2102 ἄλλο)
259 2035 355 2124 ῥῦσαι
382 2036 466 2124 ἡμᾶς
495 2035 560 2104 ἀπὸ
590 2039 648 2103 τοῦ
675 2037 847 2124 πονηροῦ).
896 2039 950 2104 Ηίε
979 2039 1078 2104 verbis
1107 2061 1196 2104 unam
1226 2038 1260 2104 da

138 2158 353 2250 παραλλήλου
379 2167 553 2251 petitionem
576 2166 719 2230 contineri
743 2163 830 2228 docet
853 2167 1005 2252 oppositio
1027 2185 1081 2251 per
1100 2164 1259 2251 particulas

139 2289 182 2374 pai
197 2327 233 2340 -
250 2285 351 2366 α’λλοές
373 2311 428 2354 nec
449 2301 557 2356 tamem
581 2293 690 2356 omissa
713 2301 759 2354 est
782 2289 873 2354 altera
888 2289 1019 2354 clausula
1034 2292 1065 2354 in
1081 2289 1259 2376 quibusdam

138 2413 236 2478 Lucae
259 2409 328 2496 (xi,
344 2410 379 2497 4)
402 2413 576 2480 Codicibus.
613 2415 715 2480 Malim
738 2426 836 2480 tarum
859 2426 964 2490 staret,
989 2425 1024 2478 ut
1047 2435 1122 2500 quae
1145 2415 1259 2500 plenio-
1368 2453 1373 2462 ·

138 2561 200 2604 rem
231 2539 457 2626 explicationem
486 2539 616 2606 inducat.
664 2537 819 2606 Genitivos
848 2540 906 2604 αοῦ
934 2537 1078 2623 πονηροῦ
1105 2538 1259 2602 masculini

138 2667 253 2752 generis
270 2687 333 2731 csse
348 2678 496 2732 testantur
510 2666 567 2730 loci
583 2679 754 2753 sequentes:
778 2661 886 2730 Matth.
902 2661 984 2740 XIII,
1004 2660 1054 2742 19,
1071 2661 1123 2730 38.
1146 2661 1256 2750 Ephes.

138 2790 194 2867 Vl,
215 2787 273 2869 163
302 2794 476 2880 praesertim
499 2789 644 2856 2Thcss.
660 2790 712 2868 ΙΙΙ,
735 2789 765 2868 2,
786 2787 822 2856 3:
853 2794 908 2854 λνα
938 2785 1153 2875 ῥυσθῶμεν
1181 2782 1257 2852 ἀπὸ

137 2913 203 2981 cciv
224 2907 357 2982 αἀόπεον
379 2920 433 2981 καὶ
455 2919 640 3004 πονηρῶν
662 2911 938 2999 ἀνθρώπων
961 2914 1078 2999 Κύριος
1099 2915 1135 2989 ὃς
1150 2908 1258 2998 φυλαί·
1317 3001 1322 3012 ι

138 3044 188 3119 ξεν
210 3035 285 3106 ἀπὸ
308 3041 366 3108 τοῦ
388 3045 573 3127 πονηροῦ.
616 3040 769 3128 Quidquid
792 3052 889 3106 autem
913 3037 931 3102 ὃ
951 3033 1092 3126 πονηρὸς
1113 3040 1256 3126 designat,

138 3187 177 3232 ex
206 3166 272 3233 loeo
300 3170 367 3256 ipso
396 3179 520 3255 apparet
545 3170 576 3232 in
602 3189 638 3232 eo
662 3169 806 3232 contineri
828 3165 940 3232 fontem
963 3164 1194 3242 sollicitationis3
1223 3177 1258 3228 ut

138 3304 244 3358 auctor
272 3291 393 3358 2Petr.
416 3291 456 3368 Π,
480 3290 501 3358 9
528 3315 590 3358 non
612 3293 757 3356 immerito
782 3288 816 3354 da
838 3293 1017 3375 πειρασμοῦ
1040 3287 1180 3376 ῥύεσθαι
1201 3311 1258 3374 po-

137 3419 232 3484 suerit
253 3439 308 3505 pro
332 3414 474 3503 ῥύεσθαι
496 3412 562 3482 ἀπὸ
585 3418 644 3484 τοῦ
666 3415 818 3502 πονηροῦ.
851 3417 900 3481 llle
923 3429 1022 3480 autem
1042 3415 1256 3479 sollicitationis

137 3541 205 3607 fons
236 3546 302 3630 quis
332 3542 435 3622 luerit,
467 3545 598 3610 certatim
628 3541 736 3608 docent
758 3539 859 3606 Saumi
889 3539 1027 3628 apostoli.
1073 3538 1152 3605 Inter
1180 3559 1256 3624 quos

135 3667 173 3732 D.
196 3666 324 3746 Paulus,
354 3668 394 3733 ad
416 3666 590 3735 Corinthios
620 3666 766 3742 scribens,
796 3667 883 3732 talem
912 3665 1144 3731 consolationem
1173 3660 1258 3728 affert

137 3788 168 3874 (1
189 3790 259 3858 Cor.
275 3791 321 3870 X,
341 3791 398 3872 13,
418 3789 489 3876 14)ε
513 3794 702 3859 »sollicitatio
719 3815 774 3857 vos
792 3815 853 3859 nen
869 3813 1009 3880 aggressa
1023 3804 1083 3868 cst,
1107 3791 1166 3854 nisi
1182 3809 1257 3875 quae

136 3915 275 3982 λεαπανεα
301 3913 553 4004 (ἀνθρώπους)
583 3922 637 3998 sit3
668 3917 762 3984 fidelis
795 3931 893 3984 autem
915 3917 997 3982 Deus
1027 3925 1084 3992 cst,
1116 3917 1167 4000 qui
1196 3933 1256 3976 non

135 4045 265 4130 patietur
289 4065 343 4108 vos
367 4044 520 4110 sollicitari
543 4065 634 4131 super
656 4043 689 4109 id
711 4045 794 4132 quod
809 4045 922 4122 valetis,
949 4042 1001 4108 scd
1016 4040 1102 4106 faciet
1117 4060 1183 4104 cum
1197 4036 1257 4100 sol·

135 4168 296 4233 licitatione
319 4170 406 4234 etiarn
430 4168 585 4257 effugium,
609 4182 645 4234 ut
666 4173 789 4256 possitis
805 4193 868 4234 earn
885 4171 1064 4234 sustinere«
1095 4162 1171 4228 Hinc
1187 4183 1257 4226 con·

136 4292 290 4360 cludamus
318 4317 437 4361 neccsse
466 4306 524 4372 est,
556 4293 706 4360 illecebras
735 4299 849 4383 pcccati
875 4292 912 4358 ab
935 4295 1003 4380 ipso
1026 4291 1146 4355 homine
1171 4289 1257 4364 oriri3

135 4417 232 4487 Deum
255 4433 352 4488 autern
369 4420 600 4498 subventurum,
625 4419 719 4488 divini
734 4423 857 4512 spiritus
874 4417 1019 4485 auxilium
1033 4418 1256 4482 ministrantem.

1009 4536 1026 4591 5
1032 4541 1046 4568 0
