3166 5178
604 292 739 390 ὀι

558 584 664 651 PARS
689 584 875 653 SEPTIMA.

247 712 339 778 Varia
367 715 495 776 carmina
524 711 560 776 de
588 709 754 801 proborum
781 713 906 800 imperio
936 725 966 776 et
994 711 1129 799 felicitate
1151 733 1277 800 regnan·
1351 763 1353 770 ,

155 837 239 902 tibus
261 837 376 902 Davide
398 849 429 902 et
451 835 622 904 Solomone.

247 1023 288 1090 Ut
309 1024 505 1089 Jasharanum
528 1036 684 1112 syntagma
713 1026 743 1088 in
766 1037 878 1110 septem
900 1035 999 1111 partes
1024 1023 1170 1112 digestum
1193 1024 1278 1088 exhi-

156 1148 257 1214 berem
286 1149 360 1214 nihil
388 1170 434 1212 me
455 1151 565 1226 movit,
595 1151 653 1212 nisi
676 1151 741 1235 ipsa
762 1147 1009 1237 Fragmentorum
1031 1152 1107 1213 ratio
1132 1171 1165 1213 ac
1187 1162 1278 1214 mate-

156 1278 226 1340 ries.
262 1272 323 1338 Nec
345 1287 442 1338 tamen
463 1274 573 1338 oblitus
590 1295 669 1351 sum,
696 1287 807 1361 quanta
822 1277 1010 1340 veneratione
1024 1287 1136 1342 veteres
1151 1272 1278 1338 Hebraei

157 1400 327 1487 multaeque
350 1399 421 1463 aliae
446 1398 599 1464 Semiticae
623 1402 723 1486 stirpis
747 1402 881 1464 nationes
904 1403 1101 1486 septenarium
1123 1420 1278 1463 numerum

158 1529 356 1614 suspicerent,
382 1547 470 1614 quam
492 1524 618 1590 libenter
641 1528 739 1590 omnia
763 1547 817 1588 sua
831 1527 969 1590 instituta
984 1538 1014 1590 et
1027 1527 1121 1612 ipsam
1137 1522 1278 1613 loquendi

157 1653 304 1716 rationem
326 1651 397 1716 hnic
420 1653 635 1738 computationi
652 1649 922 1727 accommodarent,
948 1671 1023 1737 quae
1041 1648 1201 1735 ἐπίτριτον
1215 1671 1279 1714 πο-

158 1778 271 1860 θμένα
294 1775 542 1864 complectebatur
565 1771 653 1858 (Plat.
669 1773 812 1861 Respubl.
829 1798 859 1863 p.
873 1771 961 1856 546),
987 1787 1016 1840 et
1038 1797 1181 1839 summam
1202 1775 1278 1840 duo·

158 1923 226 1966 rum
248 1902 372 1966 laterum
395 1899 554 1987 γαμηλίου
578 1897 834 1986 διαγράμματος,
858 1921 964 1988 magna
981 1900 1059 1964 illius
1075 1904 1278 1966 aestimatione

159 2030 236 2091 inter
258 2026 425 2114 Aegyptios
451 2021 618 2108 (Plutarch.
642 2027 679 2090 ls.
709 2039 739 2090 et
762 2007 840 2091 Osis.
863 2049 893 2113 p.
917 2023 981 2090 373
1004 2022 1065 2108 E),
1096 2025 1277 2091 conficiebat.

158 2151 202 2216 Ita
225 2165 337 2238 septem
361 2154 461 2216 ovium
486 2151 627 2215 sacrificio
647 2152 848 2236 juramentum
872 2154 1003 2215 sancitur
1018 2146 1104 2233 (Gen.
1120 2151 1206 2228 XXI,
1225 2149 1277 2216 28.

161 2276 197 2341 cl.
212 2276 324 2341 Herod.
340 2277 391 2353 ΙΠ,
408 2272 442 2358 8)
467 2289 496 2340 et
516 2275 603 2340 radix
626 2279 691 2362 ipsa
714 2271 804 2380 m]
827 2275 866 2339 ad
883 2275 1094 2361 jusjurandum
1113 2276 1279 2364 significan-

162 2401 232 2466 dum
255 2400 421 2466 adhibetur.
456 2402 500 2466 lta
522 2415 634 2489 septem
658 2400 813 2465 dumtaxat
834 2400 967 2488 planetas
986 2402 1185 2487 agnoscebant
1200 2416 1279 2469 vete-

161 2549 222 2606 res,
249 2526 358 2615 quibus
382 2527 494 2591 dierum
518 2523 704 2590 hebdomada
728 2524 954 2602 consecrabant,
980 2525 1055 2590 diem
1077 2539 1173 2591 autern
1189 2530 1280 2613 septi·

161 2674 257 2729 mum,
281 2664 423 2738 tanquam
442 2651 681 2728 sanctissimum,
706 2654 831 2739 septimo
856 2651 1008 2738 eidemque
1030 2651 1222 2728 lucidissimo,
1244 2664 1281 2716 ut

161 2779 219 2866 ipsi
246 2775 407 2864 putabant,
439 2777 624 2864 planetarum
652 2775 782 2841 Saturno
813 2777 979 2842 dedicatum
1007 2775 1160 2853 volebant,
1193 2797 1279 2864 quem

162 2904 336 2988 interpretes
366 2899 506 2968 Chaldaei
534 2893 643 2992 mv
671 2901 859 2989 appellabant
881 2896 966 2983 (vide
991 2899 1121 2968 Creuzer
1144 2900 1279 2988 Symbol.

161 3027 198 3104 ll,
220 3021 304 3109 186).
340 3028 475 3116 Denique
499 2997 605 3092 orbem·
622 3041 766 3092 terrarum
790 3041 819 3092 et
842 3027 938 3090 sidera
960 3027 1033 3091 coeli
1049 3039 1159 3114 septem
1176 3024 1280 3092 diebus

163 3165 260 3217 creata
288 3174 352 3216 esse
379 3151 616 3242 praedicabant
646 3150 745 3234 Quum
777 3155 869 3239 igitur
897 3155 1077 3240 argumentis
1105 3155 1280 3216 intrinsecus

162 3281 262 3365 petitis
277 3277 470 3342 Jasharanam
494 3277 695 3342 collectionem
719 3276 934 3364 septemplicem
956 3275 1048 3340 luisse
1069 3279 1219 3363 ponimus,
1244 3297 1282 3341 ex

162 3403 305 3468 tralatitia
326 3403 382 3468 hac
395 3405 518 3467 uumeri
542 3404 700 3490 septenarii
723 3404 925 3467 aestimatione
948 3413 1168 3489 argumentum,
1199 3401 1283 3489 quod

164 3532 261 3605 aiunt,
287 3551 304 3592 a
321 3530 427 3614 priori
449 3527 574 3615 adjicere
594 3526 706 3605 licebit,
730 3529 902 3614 praesertim
919 3529 1059 3614 quoniam
1074 3525 1130 3589 bae
1146 3538 1282 3612 septenae

163 3667 263 3742 partes
287 3657 318 3718 iu
334 3665 477 3740 quaterna
499 3666 529 3720 et
549 3656 629 3718 trina
651 3651 781 3717 membra
796 3664 902 3741 sponte
918 3671 973 3716 sua
988 3649 1148 3716 discedant.
1181 3651 1283 3716 Talem

164 3781 241 3844 enim
263 3781 452 3866 partitionem
477 3779 657 3867 diagramma
671 3777 744 3843 illud
759 3777 910 3865 efflagitat.
944 3779 988 3843 At
1002 3780 1050 3842 hic
1065 3798 1185 3866 qnoque
1199 3780 1284 3864 prior

165 3907 321 3992 quaternio
337 3903 530 3970 dasharauam
554 3903 718 3969 doctrinam
741 3924 795 3993 per
817 3926 848 3968 se
865 3902 1000 3983 exhibet,
1025 3903 1097 3968 alter
1112 3915 1209 3968 autem
1224 3916 1283 3968 ter·

163 4030 214 4096 nio
238 4049 301 4095 non
323 4031 382 4094 nisi
404 4042 464 4096 tres
489 4044 693 4118 separatorum
716 4032 877 4095 carminum
901 4030 1007 4096 classes
1030 4029 1242 4117 complectitur.

618 4243 831 4252 ——o—m—
