3160 5170
623 367 835 476 „133—

167 595 244 662 quae
268 595 364 660 neque
387 577 417 638 in
433 576 494 638 vita
517 596 570 638 nec
584 588 655 662 post
670 579 760 639 vitam
775 577 883 640 remitti
898 578 998 661 possit
1012 571 1132 657 (Matth.
1144 573 1208 652 XII,
1222 572 1288 659 32).

166 699 272 787 Neque
295 699 366 763 haee
389 702 592 786 interpretatio
617 723 678 764 non
702 700 828 787 quadrat
842 702 873 764 in
892 722 954 764 eam
970 700 1119 788 cogitandi
1134 704 1287 778 rationem,

168 847 244 912 quae
258 823 389 889 Domino
405 837 509 889 nostro
525 838 597 890 tunc
616 829 769 913 temporis,
793 839 829 889 ut
843 825 969 902 videtur,
995 825 1102 890 oborta
1118 839 1171 903 cst,
1197 847 1290 912 quum

167 950 313 1014 carnalem
342 949 421 1012 illam
449 950 684 1015 sollicitationem
706 951 883 1037 repudiavit.
924 949 1000 1014 Nam
1022 950 1071 1016 illa
1092 951 1289 1015 israelitarum

167 1073 265 1161 culpa,
291 1096 383 1161 quum
398 1073 494 1139 Deum
511 1075 629 1140 Massae
651 1075 813 1152 tentabant,
838 1099 877 1140 ex
899 1075 1008 1140 infideli
1024 1078 1205 1162 impatientia
1219 1089 1290 1139 nata

168 1213 222 1263 est.
264 1197 440 1286 Quanquam
464 1199 519 1263 Dei
546 1204 709 1287 potentiam
740 1214 769 1264 et
797 1223 896 1265 curam
926 1201 1060 1288 quotidie
1087 1201 1287 1280 intuebantur,

166 1323 331 1410 nequibant
352 1337 450 1388 tamen
473 1301 644 1410 suspectare
667 1324 760 1390 donec
780 1326 840 1412 lpsi
858 1327 986 1412 placeret
1000 1325 1289 1413 peregrinationibus

167 1449 251 1514 electi
274 1450 379 1537 populi
401 1448 489 1514 finem
512 1449 615 1514 lacere.
650 1450 740 1537 Ergo,
764 1450 963 1516 mussitabant
986 1465 1016 1514 et
1029 1451 1109 1515 Mosi
1131 1455 1227 1515 rixam
1243 1454 1289 1515 in-

167 1573 337 1639 tendebant.
381 1573 475 1639 Simili
503 1577 701 1660 impatientiae
730 1575 880 1640 obnoxius
910 1575 1016 1640 fuisset
1039 1575 1141 1653 lesus,
1172 1580 1197 1639 si
1225 1576 1289 1641 fieri

166 1702 317 1786 potuisset
339 1712 374 1763 ut
389 1698 542 1765 subitanea
557 1700 683 1786 quadam
699 1701 848 1765 mirandae
863 1705 1020 1788 potestatis
1037 1700 1288 1765 demonstratione

168 1823 268 1888 studia
298 1847 422 1889 suorum
451 1825 563 1890 allicere
593 1838 622 1889 et
651 1824 777 1890 delenire
810 1825 950 1889 studeret.
999 1826 1087 1909 Quod
1116 1839 1219 1890 contra
1246 1829 1289 1912 pii

169 1971 271 2014 omncs
293 1949 439 2014 lsraelitae
464 1950 585 2014 consilio
609 1951 732 2018 Psaltae,
750 1950 884 2014 obsecuti
907 1964 991 2027 sunt,
1017 1954 1068 2038 qui
1092 1954 1147 2016 ait:
1178 1949 1291 2015 »Com-

167 2078 251 2138 mitte
266 2074 397 2140 Jehovae
420 2096 466 2138 res
489 2087 556 2138 tuas
563 2094 571 2150 5
595 2078 621 2138 ei
643 2076 772 2153 coufidc3
797 2079 822 2138 is
838 2076 969 2162 perficiet
984 2079 1091 2141 omnia.
1126 2076 1289 2162 Aequiesoe

167 2202 198 2262 in
221 2199 296 2276 Deo,
321 2211 351 2263 et
373 2221 455 2286 spem
477 2212 558 2264 tuam
582 2203 613 2263 in
636 2223 670 2264 eo
694 2223 793 2287 pone«
818 2201 879 2283 (Ps.
899 2201 1058 2278 XXXVII,
1077 2201 1106 2278 5,
1125 2197 1168 2282 7).
1205 2199 1289 2264 Unde

167 2336 309 2410 tanquam
337 2324 492 2410 peculiaris
523 2325 666 2411 quaedam
695 2339 826 2390 veterum
853 2326 1051 2390 lsraelitarum
1081 2329 1174 2390 virtus
1203 2346 1289 2411 prae-

170 2447 284 2512 dicatur
306 2452 364 2513 ista
380 2451 536 2536 patientia
553 2446 728 2535 (ὕπομονή)
752 2473 811 2538 qua
834 2473 920 2536 apem
941 2461 1082 2513 venturae
1106 2449 1289 2513 consolatio·

169 2574 217 2638 oie
244 2573 400 2652 fovebant3
428 2575 495 2638 vide
518 2573 608 2640 Hebr.
625 2576 681 2652 VI,
701 2573 741 2639 12
765 2597 829 2662 sqq.
858 2587 887 2638 et
916 2573 952 2637 cs.
976 2573 1064 2638 Rom.
1080 2573 1150 2650 XV,
1167 2571 1204 2636 4:
1234 2578 1289 2638 iva

171 2693 226 2762 dccl
249 2701 304 2782 τῆς
326 2690 531 2784 ὕπομονῆς
553 2703 608 2762 καὶ
631 2695 686 2764 dccl
702 2700 757 2784 τῆς
772 2694 1059 2786 παρᾳκλήσεως
1074 2698 1138 2762 τῶν
1152 2697 1290 2783 γραφῶν

169 2817 229 2907 τήν
253 2821 401 2886 ἐλπίδα
424 2820 556 2908 ἔχωμεν.
584 2825 654 2889 Luc.
672 2827 710 2901 Π,
729 2823 785 2890 24:
809 2819 1067 2911 προσδεχόμενος
1081 2818 1290 2908 παράκλη-

171 2963 234 3012 σιν
256 2948 313 3012 τοῦ
329 2944 465 3033 Ἰσραήλ.
501 2949 578 3012 Hinc
599 2963 659 3015 tres
684 2950 825 3014 habemus
851 2949 1013 3014 Christiani
1036 2950 1164 3013 hominis
1189 2948 1288 3013 dotes:

169 3067 205 3136 ed
237 3069 332 3158 ἔργον
359 3072 413 3158 τῆς
442 3077 575 3148 πίστεως
610 3080 664 3136 καὶ
696 3072 754 3140 adv
782 3075 884 3140 κόπον
913 3079 966 3159 τῆς
996 3071 1123 3159 drancio
1150 3077 1204 3137 καὶ
1231 3068 1290 3158 τήν

169 3192 381 3283 ὑπομονὴν
403 3198 457 3283 τῆς
479 3197 644 3274 ἐλπίδος
668 3196 698 3281 (1
715 3201 822 3264 Thess.
839 3201 864 3277 l,
880 3199 910 3264 3.
935 3198 971 3262 cs.
992 3197 1007 3263 1
1024 3197 1093 3263 Cor.
1111 3199 1192 3274 XIII,
1209 3194 1287 3279 ult).

171 3322 269 3406 Quum
292 3326 382 3410 igitur
404 3324 476 3388 haec
499 3327 640 3411 patientia
665 3338 725 3388 tarn
748 3329 779 3387 in
801 3324 922 3389 ludaeis
947 3345 1036 3409 quarn
1058 3327 1087 3386 in
1113 3322 1288 3386 Christianis

170 3446 399 3534 deposcebatur,
430 3471 463 3512 ea
488 3449 687 3536 proculdubio
713 3452 838 3512 eminere
862 3447 988 3514 debebat
1010 3451 1040 3509 in
1065 3445 1185 3510 Christo
1210 3450 1287 3532 ipso,

170 3595 233 3637 earn
255 3573 400 3638 Dominus
424 3587 527 3638 noster
548 3573 748 3662 proculdubio
772 3576 803 3636 in
827 3593 950 3636 examen
973 3568 1115 3646 vocabat,
1144 3592 1235 3656 quum
1259 3573 1289 3633 in

168 3699 277 3762 luctam
310 3698 388 3761 illam
423 3721 507 3763 suam
540 3697 749 3786 prospiciebat.
798 3697 856 3780 Qui
894 3699 1007 3760 etiamsi
1044 3717 1144 3759 omnes
1174 3669 1290 3758 divinae

169 3825 330 3910 majestatis
353 3825 483 3910 legiones
502 3825 532 3888 in
549 3846 635 3888 suum
652 3823 796 3887 auxilium
813 3823 948 3908 colligere
966 3817 1085 3902 (Matth.
1098 3820 1208 3896 XXVI,
1223 3815 1288 3899 53),

171 3961 201 4012 et
228 3949 382 4036 magnilica
411 3950 509 4036 aliqua
537 3949 695 4036 epiphania
726 3952 755 4011 in
779 3949 922 4012 thronum
945 3946 1069 4010 Davidis
1093 3969 1124 4009 se
1147 3945 1290 4008 collocare

167 4075 333 4162 potuisset,
364 4075 467 4138 maluit
489 4087 586 4137 tamen
609 4073 683 4137 illud
704 4077 887 4137 miseriarum
911 4073 1067 4159 poculum,
1098 4070 1181 4157 quod
1203 4070 1291 4133 Pater

168 4201 228 4285 ipsi
256 4201 460 4285 propinasset,
491 4199 529 4263 ad
556 4198 650 4262 faeces
677 4199 834 4264 exhaurire
859 4194 979 4279 (doario.
995 4195 1105 4270 XVIll,
1125 4190 1178 4276 11)
1202 4207 1290 4280 atque

168 4325 211 4387 ita
232 4344 287 4410 per
310 4323 503 4389 humilitatem
526 4323 563 4387 ad
587 4345 730 4388 summam
757 4325 883 4411 gloriam
906 4321 1071 4386 ascendere.
1117 4321 1160 4384 lta
1183 4320 1291 4406 triplici

169 4447 371 4514 admonitione
393 4451 477 4537 prior
499 4453 596 4515 nostri
610 4449 780 4536 Fragmenti
801 4471 870 4536 pars
893 4447 1008 4535 probos
1025 4467 1125 4511 omnes
1141 4446 1288 4524 hortatur,

1044 4566 1078 4624 12
