3172 5186
824 351 902 424 830

303 565 431 629 nominis
454 561 682 648 adscriptionem
703 583 766 626 non
788 563 875 624 nimis
898 560 1061 648 negendam
1083 582 1157 639 esse,
1181 559 1427 650 quandoquidem

303 688 396 753 multa
419 690 479 752 sint
501 689 629 752 carmina
651 686 715 772 ejus
738 687 857 752 nominc
879 687 1021 773 insignita
1047 706 1123 773 qerae
1150 699 1249 750 tamen
1270 708 1334 752 non
1356 701 1427 754 ante

304 814 441 878 exsilium
470 810 559 876 scribi
585 822 724 898 possent,
756 808 839 875 deest
865 809 914 874 hic
935 807 1071 874 Dauidici
1100 809 1170 898 styli
1199 809 1364 889 character,
1395 824 1428 876 ct

303 937 412 1015 multa,
435 949 471 1002 ut
492 935 674 1012 videbimus,
701 939 804 1000 insunt
826 932 1023 1001 Solomoneae
1046 937 1149 1000 aetatis
1172 934 1288 1000 indicia.
1333 935 1426 1001 Prae-

304 1077 393 1140 terea,
416 1075 451 1128 ut
473 1074 559 1127 antea
581 1059 757 1147 significari,
781 1070 864 1144 patet
886 1080 924 1123 ex
947 1057 1064 1124 2Sam.
1080 1058 1132 1136 VI,
1149 1058 1185 1136 2,
1215 1079 1281 1124 cum
1303 1060 1424 1125 Psalmo

304 1188 413 1265 XVIII,
433 1185 471 1252 11
497 1197 682 1273 comparato,
714 1187 834 1250 tertium
863 1184 955 1270 hujus
980 1184 1078 1248 Partis
1108 1186 1253 1249 canticum
1282 1183 1321 1249 ad
1349 1184 1425 1250 illud

304 1327 421 1400 tempus
443 1315 598 1397 pertinere.

394 1436 564 1503 Secundum
586 1444 791 1522 argumentum
814 1454 853 1496 ex
875 1454 909 1496 eo
935 1430 1059 1509 deduco,
1084 1429 1167 1519 quod
1189 1431 1249 1497 hoe
1277 1435 1424 1498 canticum

305 1566 412 1629 veteris
436 1563 552 1648 epinioii
573 1561 705 1646 vestigiis
728 1559 846 1621 insistat
868 1569 956 1643 atque
979 1556 1138 1622 Inhaereat.
1172 1553 1257 1635 Nam,
1281 1570 1317 1622 ut
1339 1571 1426 1624 antea

305 1692 398 1766 innui,
421 1688 521 1776 plures
545 1685 636 1772 hujus
660 1682 819 1746 cantilenae
841 1680 896 1744 loci
918 1703 957 1744 ex
969 1679 1104 1746 Deborae
1121 1683 1260 1748 ovatione
1276 1681 1425 1769 desumpti

305 1827 377 1879 sunt
404 1808 454 1894 (of.
474 1807 562 1876 rv.8
584 1829 650 1896 sqq.
674 1829 741 1872 erun
762 1804 832 1870 Jud.
849 1802 926 1882 V,4
949 1827 1034 1893 sqq.;
1061 1828 1111 1870 vr.
1131 1802 1170 1870 13
1193 1827 1237 1894 sq.
1263 1827 1329 1871 eum
1352 1805 1424 1871 Jnd.

305 1937 349 2016 V,
368 1935 424 2015 193
452 1959 481 2000 r.
500 1933 540 2000 19
565 1955 631 1998 oum
653 1930 723 1996 Jud.
738 1931 783 2008 V,
803 1928 859 2008 12,
889 1953 919 1993 v.
936 1928 979 1996 28
1009 1951 1075 1995 cnm
1098 1928 1168 1994 Jud.
1184 1929 1228 2008 V,
1248 1928 1304 2010 143
1333 1955 1362 1996 v.
1380 1931 1425 1997 33

306 2083 372 2128 cum
394 2060 464 2126 Jud.
481 2058 519 2136 V,
537 2053 580 2140 3).
624 2056 690 2123 dam
712 2077 784 2120 vero
808 2057 879 2120 satis
902 2067 985 2141 patet
1005 2054 1156 2120 Psalmum
1181 2053 1346 2134 CXXXVI,
1371 2059 1426 2143 qui

305 2190 336 2251 in
358 2183 530 2249 fundatione
554 2180 675 2247 secundi
697 2180 798 2268 templi
821 2177 1043 2256 decantabatur,
1066 2179 1199 2245 similiter
1216 2201 1279 2245 esse
1294 2202 1332 2245 ex
1347 2185 1426 2245 anti·

178 2331 179 2338 ¹
307 2308 461 2399 quiorIbus
485 2309 615 2395 epinieiis
639 2307 846 2393 compositum.
893 2302 977 2369 Unde
1001 2303 1163 2382 contendo,
1188 2305 1310 2370 similem
1332 2318 1425 2370 mate-

306 2438 379 2501 riam
407 2435 547 2520 inprimi
576 2431 677 2518 templi
706 2432 954 2494 consecrationem
976 2426 1067 2494 fuisse
1095 2432 1302 2516 conquisitam.
1347 2428 1424 2494 Nam

305 2561 440 2626 homines
464 2579 518 2624 sna
540 2569 646 2621 natura
669 2555 707 2620 ad
730 2557 867 2642 antiquas
890 2557 954 2618 vias
977 2552 1112 2618 imitandi
1133 2553 1233 2619 studio
1255 2566 1422 2620 recurrunt.

306 2686 345 2751 Et
367 2684 450 2772 quod
472 2685 503 2746 in
532 2680 662 2746 secundo
692 2680 802 2768 templo
832 2678 994 2744 dedicando
1024 2676 1132 2744 iactum
1160 2690 1220 2757 est,
1249 2692 1423 2768 argumento

307 2832 370 2876 esso
398 2807 500 2884 dehet,
537 2807 628 2872 simile
663 2805 737 2894 quid
770 2805 806 2870 de
836 2806 925 2892 primi
952 2804 1053 2891 templi
1082 2807 1303 2872 consecratione
1330 2803 1424 2870 tradi·

306 2948 371 3000 tum
392 2955 466 2998 esse.

396 3057 532 3121 Tertium
554 3066 768 3142 argumentum,
790 3051 882 3140 idque
902 3051 1125 3131 rahdiesimum,
1149 3075 1292 3120 exrersu
1307 3051 1351 3120 30
1374 3054 1425 3119 de-

307 3188 391 3249 rivo:
414 3192 558 3266 »propter
579 3178 720 3265 templum
744 3191 829 3243 tuum
852 3200 943 3265 super
963 3178 1201 3266 Hierosolymam
1224 3179 1349 3244 offerent
1369 3179 1425 3244 tibi

306 3329 390 3396 reges
412 3326 560 3370 munera«
592 3301 669 3368 Nam
683 3302 736 3368 uhi
751 3316 889 3368 notamus
904 3278 957 3394 Ἢ
981 3303 1038 3368 dici
1057 3325 1119 3370 non
1135 3305 1173 3382 Ξ,
1198 3303 1425 3392 quietemplnm

307 3438 337 3498 iu
366 3434 432 3497 loeo
462 3429 557 3508 edito,
588 3430 649 3495 soil.
679 3442 779 3495 monte
805 3429 903 3494 Moria
931 3441 1115 3495 exstructum
1144 3441 1221 3506 erat,
1251 3441 1286 3493 ut
1313 3441 1425 3494 taceam

307 3559 421 3636 nullum
449 3556 540 3621 fuisse
571 3555 652 3641 apud
682 3553 919 3641 Hierosolymam
948 3528 1044 3656 5?st
1075 3556 1137 3619 sire
1165 3553 1326 3640 tcotplum,
1357 3565 1425 3618 ante

307 3686 384 3750 hanc
412 3706 430 3747 a
458 3680 620 3747 Solomone
649 3690 830 3744 exstructam
858 3677 973 3756 aedem,
1009 3700 1108 3744 nonne
1135 3678 1184 3743 hic
1211 3679 1295 3743 locus
1325 3691 1425 3766 aperte

307 3820 421 3897 spectat
448 3806 486 3870 ad
512 3805 593 3870 illam
620 3804 733 3868 Hirami
759 3807 837 3891 regis
865 3803 1107 3881 munificentiam,
1137 3823 1228 3890 quum
1257 3801 1425 3878 Salomoni,

306 3932 381 4000 illud
402 3930 543 4018 templum
567 3927 766 4006 aedificaturo,
790 3931 940 3994 materiam
956 3927 1038 3994 dedit
1052 3927 1199 3994 cedrinam
1213 3939 1244 3992 et
1257 3925 1424 4004 abituram,

307 4070 451 4147 quantum
473 4052 615 4120 volebat?
637 4048 669 4136 (1
686 4053 760 4142 Reg.
777 4053 815 4130 V,
835 4049 889 4136 10)
913 4065 943 4119 et
964 4066 1115 4142 praeterea
1138 4065 1255 4120 centum
1277 4065 1307 4117 et
1321 4053 1425 4140 viginti

307 4187 372 4250 auri
394 4183 505 4248 talenta
527 4178 674 4246 donarit?
697 4175 728 4262 (1
745 4178 820 4268 Reg.
836 4178 888 4258 IX,
907 4174 972 4261 14).

397 4307 542 4391 Quartum
574 4305 647 4370 mihi
675 4317 880 4392 argumentum
915 4301 1038 4392 praehet
1065 4322 1170 4368 versus
1194 4299 1254 4368 32:
1288 4301 1428 4366 »venient

306 4444 457 4518 magnates
480 4453 518 4498 ex
533 4430 691 4520 Aegypto3
714 4427 888 4518 properabit
908 4427 1070 4517 Aethiopia
1091 4427 1197 4516 palmis
1215 4428 1330 4515 supinis
1354 4423 1428 4492 ado·
