3166 5178
705 349 751 422 13

168 555 349 623 Thaddaeus
376 555 536 622 admodum
559 556 729 622 adolescens
753 560 962 625 innumerum
986 559 1141 625 duodecim
1165 574 1286 648 aposto·

166 681 264 746 lorum
288 681 434 746 admissus
458 679 556 746 esset?
580 680 641 746 Sed
663 681 710 745 his
734 685 851 748 omissis
876 683 915 747 ad
937 706 1079 749 summam
1104 689 1285 773 quaestionis

167 818 286 870 nostrae
307 817 500 871 transeamus.
535 805 583 870 Ex
603 807 700 871 Lucae
721 811 890 873 narratione
912 804 1034 890 (XXIV,
1055 807 1095 874 13
1111 806 1191 898 sqq.)
1215 833 1285 876 eon·

167 943 226 994 stat
248 930 328 995 hunc
345 928 485 1019 Cleopam
509 934 571 996 sive
586 931 769 1018 Alphaeum,
794 955 860 998 eum
882 955 944 997 uno
969 937 1083 1010 comite,
1108 938 1160 1021 qui
1174 937 1284 998 intimis

166 1053 287 1120 Domini
311 1055 462 1142 discipulis
486 1055 724 1121 adnumerandus
748 1071 793 1122 est
816 1052 891 1139 (delo
907 1055 944 1137 ἔξ
962 1053 1069 1123 αὐτῶν
1084 1080 1124 1122 sc.
1141 1053 1285 1122 ἀποστό-

166 1175 234 1243 λων
247 1183 302 1243 καὶ
324 1175 501 1265 ἀδελφῶν),
525 1203 560 1244 eo
584 1183 650 1268 ipso
668 1181 723 1259 die,
749 1203 809 1269 quo
825 1181 912 1246 Jesus
932 1186 1103 1261 resurrexit,
1128 1183 1167 1247 ad
1182 1183 1285 1247 castel·

166 1303 227 1368 lum
256 1307 375 1368 nomine
397 1303 552 1382 Emmaus,
581 1305 733 1392 proiectos
757 1329 821 1372 esse
844 1320 932 1394 atque
954 1311 986 1371 in
1007 1311 1110 1372 itinere
1134 1329 1284 1374 sermones

167 1432 351 1493 conseruisse
380 1451 447 1494 eum
473 1429 607 1494 redivivo
632 1429 799 1495 Servatore.
848 1431 928 1514 Quid
954 1433 1165 1510 verosimilius,
1196 1454 1284 1520 quam

167 1552 336 1640 Alphaeum
363 1566 500 1618 nostrum
524 1577 541 1618 a
562 1555 623 1620 filio
647 1567 720 1619 natu
742 1558 872 1620 maximo
897 1555 1056 1622 deductum
1079 1557 1164 1621 essai
1197 1557 1236 1621 Et
1259 1560 1284 1620 si

166 1678 239 1743 alter
261 1678 309 1742 ille
332 1681 481 1744 viatorum
503 1678 608 1744 fuisset
630 1678 760 1744 lacobus
774 1680 916 1768 Alpbaei,
941 1703 1040 1748 nonne
1062 1683 1087 1744 is
1104 1681 1198 1745 Paulo
1222 1703 1284 1744 rem

56 1806 60 1812 '
165 1825 285 1868 namara
307 1807 417 1889 potuit,
441 1807 493 1892 qui
516 1823 561 1870 eo·
576 1802 756 1870 familiariter
772 1825 846 1868 usus
863 1817 908 1869 est
926 1801 1005 1887 (Aet.
1022 1805 1090 1882 XV,
1111 1803 1161 1870 13.
1188 1804 1282 1872 Galat.

165 1927 205 2004 11,
222 1923 280 2009 sl?
301 1927 413 1992 Paulus
435 1931 539 2016 utique
554 1951 662 1994 nomen
679 1927 807 2016 Cleopae
826 1929 939 2006 silebat,
963 1941 998 1993 ut
1014 1931 1065 2016 qui
1081 1953 1142 1994 oon
1158 1930 1283 2018 amplius

165 2054 196 2115 in
225 2055 302 2116 vivis
332 2065 425 2130 csset3
461 2052 605 2118 Jacobum
633 2054 896 2132 commemorabat,
927 2057 998 2141 quia
1025 2057 1224 2142 principatum
1252 2055 1284 2120 in

165 2189 302 2240 nascente
325 2175 444 2242 ecclesia
467 2176 630 2243 obtinebat.
664 2179 769 2256 Lucas,
793 2179 982 2244 traditionem
997 2200 1133 2266 sequens,
1157 2179 1284 2244 malebat

166 2313 277 2386 patrem
302 2322 389 2387 quam
411 2301 504 2365 filium
526 2306 688 2368 nominare.
719 2303 865 2391 Equidem
886 2326 948 2368 rem
970 2307 1012 2368 ita
1035 2326 1066 2368 se
1089 2303 1197 2369 habere
1212 2327 1283 2369 con·

167 2423 272 2502 tend03
296 2425 380 2490 aliter
400 2425 465 2490 fieri
487 2431 621 2513 potuisse
637 2431 691 2492 vix
714 2427 895 2494 crediderim.
932 2427 979 2505 Si,
1005 2428 1088 2514 quod
1102 2429 1213 2493 Paulus
1236 2432 1283 2493 io-

162 2549 243 2634 jicit,
269 2545 408 2614 dmouiot
431 2551 574 2638 quaedam
597 2552 755 2639 singularis
771 2551 883 2618 Jacobo
905 2555 1038 2638 contigit,
1062 2554 1115 2616 vix
1130 2552 1216 2615 aliam
1231 2575 1283 2616 ex·

167 2677 295 2762 cogitare
318 2675 449 2740 edemus
478 2697 568 2764 quam
595 2678 698 2740 miram
728 2675 806 2740 illam
834 2679 937 2741 invia
964 2675 1002 2740 ad
1023 2675 1192 2754 Emmaum,
1224 2697 1283 2764 qua

165 2798 252 2864 lesus
280 2803 359 2886 patri
381 2800 485 2866 Jacobi
515 2815 603 2887 atque
633 2803 817 2865 innominato
847 2803 947 2866 comiti
975 2823 1007 2865 se
1038 2800 1177 2866 ostendit.
1225 2800 1282 2884 Qui

58 2957 79 2978 ι
165 2921 270 2989 fratres
298 2923 404 2988 habuit
431 2924 583 3012 filiumque
610 2928 687 2989 inter
709 2925 889 3012 Apostolos,
923 2929 974 3013 qui
1000 2925 1101 2990 Jesmn
1130 2927 1282 3011 sanguinis

166 3049 284 3142 vinculo
308 3052 414 3136 attigit,
439 3053 491 3137 qui
513 3062 618 3136 postea
641 3072 787 3116 summum
810 3053 973 3116 sanctitatis
989 3072 1097 3114 nomen
1112 3046 1282 3132 (Eusebius,

166 3170 203 3236 H.
219 3171 255 3238 E.
271 3173 310 3250 ll,
328 3170 394 3255 23),
418 3195 566 3239 summum
588 3176 619 3238 in
643 3174 763 3239 ecelesia
784 3175 883 3240 locum
898 3174 956 3239 sibi
971 3174 1141 3252 vindicavit,
1165 3179 1191 3238 is
1207 3187 1282 3239 certe

166 3317 229 3360 noo
250 3297 390 3385 indignus
413 3297 478 3376 fuit,
503 3301 565 3386 qui,
588 3320 648 3362 una
671 3320 737 3363 cum
760 3313 853 3387 patre,
877 3299 1043 3364 redivivum
1066 3298 1283 3384 Sospitatorem

167 3425 338 3487 conveniret
359 3435 389 3487 et
410 3426 496 3510 quasi
518 3424 726 3511 gratularetur.
764 3424 843 3489 Haec
861 3428 968 3501 omnia,
992 3427 1047 3490 etsi
1064 3423 1280 3499 verisimillima,

166 3567 228 3609 non
255 3549 286 3610 in
309 3560 410 3634 aperto
435 3561 519 3625 sunt,
550 3549 602 3614 sed
624 3571 639 3612 e
661 3570 760 3614 rerum
783 3551 929 3636 vestigiis,
960 3561 990 3612 et
1012 3550 1097 3635 quasi
1119 3548 1282 3611 litterarum

167 3669 306 3735 ductibus
329 3671 467 3736 eruenda.
504 3671 619 3755 Quodsi
642 3674 708 3737 talis
730 3672 816 3737 labor
838 3677 871 3736 in
892 3672 1016 3760 singulis
1037 3672 1192 3784 Evangelii
1214 3693 1282 3735 nar·

166 3795 332 3860 rationibus
355 3797 556 3862 consectandis
579 3819 641 3862 non
664 3799 727 3860 sine
748 3796 848 3862 fructu
862 3810 1014 3884 ponetur,
1045 3797 1118 3884 quid
1140 3795 1228 3862 facies
1251 3799 1282 3861 in

168 3941 251 3984 casca
273 3933 418 3985 vetustate
440 3921 632 3987 Pentateucbi
655 3921 860 4008 exploranda?
884 3921 1038 3998 Profecto,
1064 3934 1099 3985 ut
1121 3924 1163 3984 ait
1178 3919 1281 3985 Cicero

168 4037 218 4125 (de
232 4043 318 4109 Einn.
334 4045 362 4122 l,
380 4041 423 4128 3),
449 4067 522 4110 »nec
543 4045 651 4111 modus
676 4059 721 4111 est
743 4047 821 4110 nllus
845 4046 1042 4134 investigandi
1057 4048 1133 4122 veri,
1158 4047 1215 4108 nisi
1238 4045 1284 4106 io·

167 4172 298 4247 veneris3
322 4183 351 4234 et
366 4170 525 4257 quaerendi
541 4167 710 4258 defatigatio
726 4174 823 4258 turpis
839 4184 892 4248 est,
918 4191 1010 4257 quum
1029 4169 1069 4246 id,
1095 4168 1178 4255 quod
1193 4187 1284 4254 quae·

105 4333 107 4338 ·
166 4297 252 4371 ritur,
277 4297 316 4358 sit
337 4295 594 4382 pulcherrimum«
621 4293 661 4360 Ut
682 4299 713 4361 in
730 4294 906 4361 Calisorniao
922 4291 1105 4359 convallibus
1122 4305 1151 4356 et
1166 4293 1283 4358 saxosis

167 4417 369 4484 Australasiae
397 4422 522 4506 campis,
551 4422 593 4485 ita
619 4423 651 4485 in
676 4433 741 4486 tota
763 4441 915 4487 sacrorum
937 4418 1083 4484 librorum
1105 4420 1179 4484 serie
1202 4416 1284 4482 haud
