<?xml version="1.0" encoding="UTF-8"?>
<!DOCTYPE html PUBLIC "-//W3C//DTD XHTML 1.0 Transitional//EN"
    "http://www.w3.org/TR/xhtml1/DTD/xhtml1-transitional.dtd">
<html xmlns="http://www.w3.org/1999/xhtml" xml:lang="en" lang="en">
 <head>
  <title>
</title>
<meta http-equiv="Content-Type" content="text/html;charset=utf-8" />
  <meta name='ocr-system' content='tesseract 3.04.00' />
  <meta name='ocr-capabilities' content='ocr_page ocr_carea ocr_par ocr_line ocrx_word'/>
</head>
<body>
  <div class='ocr_page' id='page_1' title='image "./jasharfragmenta00donagoog_0116.png"; bbox 0 0 3152 5160; ppageno 0'>
   <div class='ocr_carea' id='block_1_1' title="bbox 616 339 826 448">
    <p class='ocr_par' dir='ltr' id='par_1_1' title="bbox 616 339 826 448">
     <span class='ocr_line' id='line_1_1' title="bbox 616 339 826 448; baseline -0.014 1"><span class='ocrx_word' id='word_1_1' title='bbox 616 339 826 448; x_wconf 44' lang='lat' dir='ltr'><strong>..J-d„-</strong></span> 
     </span>
    </p>
   </div>
   <div class='ocr_carea' id='block_1_2' title="bbox 157 524 1275 652">
    <p class='ocr_par' dir='ltr' id='par_1_2' title="bbox 157 524 1275 652">
     <span class='ocr_line' id='line_1_2' title="bbox 157 524 1275 652; baseline -0.004 -34"><span class='ocrx_word' id='word_1_2' title='bbox 157 524 243 652; x_wconf 51' lang='grc' dir='ltr'><strong>Ὁῇῇ</strong></span> <span class='ocrx_word' id='word_1_3' title='bbox 273 547 311 612; x_wconf 89' lang='lat' dir='ltr'><strong>ad</strong></span> <span class='ocrx_word' id='word_1_4' title='bbox 337 550 506 612; x_wconf 90' lang='lat' dir='ltr'><strong>ministrum</strong></span> <span class='ocrx_word' id='word_1_5' title='bbox 528 548 584 612; x_wconf 88' lang='lat' dir='ltr'><strong>Dei</strong></span> <span class='ocrx_word' id='word_1_6' title='bbox 613 547 838 635; x_wconf 83' lang='lat' dir='ltr'><strong>significandum</strong></span> <span class='ocrx_word' id='word_1_7' title='bbox 859 563 1023 638; x_wconf 83' lang='lat' dir='ltr'><strong>usurpatur</strong></span> <span class='ocrx_word' id='word_1_8' title='bbox 1048 547 1109 633; x_wconf 89' lang='lat' dir='ltr'><strong>(Ps.</strong></span> <span class='ocrx_word' id='word_1_9' title='bbox 1134 547 1209 628; x_wconf 80' lang='lat' dir='ltr'><strong>clv,</strong></span> <span class='ocrx_word' id='word_1_10' title='bbox 1231 547 1275 632; x_wconf 84' lang='grc'><strong>4).</strong></span> 
     </span>
    </p>
   </div>
   <div class='ocr_carea' id='block_1_3' title="bbox 152 671 1278 2134">
    <p class='ocr_par' dir='ltr' id='par_1_3' title="bbox 152 671 1278 2134">
     <span class='ocr_line' id='line_1_3' title="bbox 158 671 1278 762; baseline 0.003 -25"><span class='ocrx_word' id='word_1_11' title='bbox 158 671 267 756; x_wconf 81' lang='lat' dir='ltr'><strong>Quales</strong></span> <span class='ocrx_word' id='word_1_12' title='bbox 297 695 388 758; x_wconf 90' lang='lat' dir='ltr'><strong>quum</strong></span> <span class='ocrx_word' id='word_1_13' title='bbox 418 686 516 737; x_wconf 89' lang='lat' dir='ltr'><strong>essent</strong></span> <span class='ocrx_word' id='word_1_14' title='bbox 537 671 672 738; x_wconf 89' lang='lat' dir='ltr'><strong>Paradisi</strong></span> <span class='ocrx_word' id='word_1_15' title='bbox 702 675 802 738; x_wconf 87' lang='lat' dir='ltr'><strong>amissi</strong></span> <span class='ocrx_word' id='word_1_16' title='bbox 831 673 984 754; x_wconf 87' lang='lat' dir='ltr'><strong>custodes,</strong></span> <span class='ocrx_word' id='word_1_17' title='bbox 1015 697 1101 740; x_wconf 92' lang='lat' dir='ltr'><strong>nemo</strong></span> <span class='ocrx_word' id='word_1_18' title='bbox 1128 679 1278 762; x_wconf 86' lang='lat' dir='ltr'><strong>putaverit</strong></span> 
     </span>
     <span class='ocr_line' id='line_1_4' title="bbox 158 797 1276 888; baseline 0.003 -27"><span class='ocrx_word' id='word_1_19' title='bbox 158 819 210 862; x_wconf 88' lang='lat' dir='ltr'><strong>eos</strong></span> <span class='ocrx_word' id='word_1_20' title='bbox 231 799 428 886; x_wconf 81' lang='lat' dir='ltr'><strong>protoplastis</strong></span> <span class='ocrx_word' id='word_1_21' title='bbox 451 797 621 863; x_wconf 89' lang='lat' dir='ltr'><strong>hominibus</strong></span> <span class='ocrx_word' id='word_1_22' title='bbox 645 801 676 863; x_wconf 92' lang='lat' dir='ltr'><strong>in</strong></span> <span class='ocrx_word' id='word_1_23' title='bbox 690 797 860 864; x_wconf 82' lang='lat' dir='ltr'>Armeniam</span> <span class='ocrx_word' id='word_1_24' title='bbox 876 799 923 864; x_wconf 83' lang='lat' dir='ltr'><strong>vel</strong></span> <span class='ocrx_word' id='word_1_25' title='bbox 944 800 1028 865; x_wconf 86' lang='lat' dir='ltr'><strong>aliam</strong></span> <span class='ocrx_word' id='word_1_26' title='bbox 1045 800 1276 888; x_wconf 82' lang='lat' dir='ltr'><strong>qualemcunque</strong></span> 
     </span>
     <span class='ocr_line' id='line_1_5' title="bbox 159 922 1276 1014; baseline 0.003 -28"><span class='ocrx_word' id='word_1_27' title='bbox 159 923 450 1012; x_wconf 85' lang='lat' dir='ltr'><strong>Tessaropotamiam</strong></span> <span class='ocrx_word' id='word_1_28' title='bbox 472 922 601 988; x_wconf 90' lang='lat' dir='ltr'><strong>reditum</strong></span> <span class='ocrx_word' id='word_1_29' title='bbox 624 922 812 1002; x_wconf 83' lang='lat' dir='ltr'><strong>interdicere,</strong></span> <span class='ocrx_word' id='word_1_30' title='bbox 837 924 889 989; x_wconf 91' lang='lat' dir='ltr'><strong>sed</strong></span> <span class='ocrx_word' id='word_1_31' title='bbox 904 928 1006 1014; x_wconf 89' lang='lat' dir='ltr'><strong>potius</strong></span> <span class='ocrx_word' id='word_1_32' title='bbox 1023 948 1124 990; x_wconf 89' lang='lat' dir='ltr'><strong>omnes</strong></span> <span class='ocrx_word' id='word_1_33' title='bbox 1139 925 1276 992; x_wconf 84' lang='lat' dir='ltr'><strong>mortales</strong></span> 
     </span>
     <span class='ocr_line' id='line_1_6' title="bbox 157 1046 1274 1138; baseline 0.002 -26"><span class='ocrx_word' id='word_1_34' title='bbox 157 1046 333 1136; x_wconf 88' lang='lat' dir='ltr'><strong>prohibere,</strong></span> <span class='ocrx_word' id='word_1_35' title='bbox 360 1051 520 1136; x_wconf 88' lang='lat' dir='ltr'><strong>quominus</strong></span> <span class='ocrx_word' id='word_1_36' title='bbox 543 1052 639 1114; x_wconf 89' lang='lat' dir='ltr'><strong>aureis</strong></span> <span class='ocrx_word' id='word_1_37' title='bbox 664 1052 856 1138; x_wconf 85' lang='lat' dir='ltr'><strong>sempiternae</strong></span> <span class='ocrx_word' id='word_1_38' title='bbox 879 1053 956 1115; x_wconf 85' lang='lat' dir='ltr'><strong>vitae</strong></span> <span class='ocrx_word' id='word_1_39' title='bbox 979 1053 1076 1137; x_wconf 90' lang='lat' dir='ltr'><strong>pomis</strong></span> <span class='ocrx_word' id='word_1_40' title='bbox 1097 1053 1274 1138; x_wconf 83' lang='lat' dir='ltr'><strong>potirentur,</strong></span> 
     </span>
     <span class='ocr_line' id='line_1_7' title="bbox 157 1172 1276 1264; baseline 0.001 -27"><span class='ocrx_word' id='word_1_41' title='bbox 157 1172 252 1239; x_wconf 90' lang='lat' dir='ltr'><strong>donec</strong></span> <span class='ocrx_word' id='word_1_42' title='bbox 275 1173 394 1240; x_wconf 88' lang='lat' dir='ltr'><strong>divinus</strong></span> <span class='ocrx_word' id='word_1_43' title='bbox 423 1174 470 1238; x_wconf 89' lang='lat' dir='ltr'><strong>illc</strong></span> <span class='ocrx_word' id='word_1_44' title='bbox 492 1173 676 1262; x_wconf 86' lang='lat' dir='ltr'><strong>Redemptor</strong></span> <span class='ocrx_word' id='word_1_45' title='bbox 699 1187 788 1263; x_wconf 87' lang='lat' dir='ltr'><strong>atque</strong></span> <span class='ocrx_word' id='word_1_46' title='bbox 811 1173 983 1264; x_wconf 87' lang='lat' dir='ltr'><strong>Sospitator</strong></span> <span class='ocrx_word' id='word_1_47' title='bbox 1005 1179 1133 1253; x_wconf 86' lang='lat' dir='ltr'><strong>veniret,</strong></span> <span class='ocrx_word' id='word_1_48' title='bbox 1164 1178 1215 1263; x_wconf 92' lang='lat' dir='ltr'><strong>qui</strong></span> <span class='ocrx_word' id='word_1_49' title='bbox 1238 1173 1276 1238; x_wconf 91' lang='lat' dir='ltr'><strong>ad</strong></span> 
     </span>
     <span class='ocr_line' id='line_1_8' title="bbox 156 1294 1273 1382; baseline 0.002 -20"><span class='ocrx_word' id='word_1_50' title='bbox 156 1297 268 1363; x_wconf 83' lang='lat' dir='ltr'><strong>inferos</strong></span> <span class='ocrx_word' id='word_1_51' title='bbox 299 1298 448 1364; x_wconf 86' lang='lat' dir='ltr'><strong>descendit</strong></span> <span class='ocrx_word' id='word_1_52' title='bbox 476 1312 511 1366; x_wconf 87' lang='lat' dir='ltr'><strong>ut</strong></span> <span class='ocrx_word' id='word_1_53' title='bbox 539 1302 628 1364; x_wconf 89' lang='lat' dir='ltr'><strong>morti</strong></span> <span class='ocrx_word' id='word_1_54' title='bbox 657 1302 808 1365; x_wconf 89' lang='lat' dir='ltr'><strong>stimulum</strong></span> <span class='ocrx_word' id='word_1_55' title='bbox 837 1324 924 1366; x_wconf 89' lang='lat' dir='ltr'><strong>suum</strong></span> <span class='ocrx_word' id='word_1_56' title='bbox 954 1300 1120 1366; x_wconf 90' lang='lat' dir='ltr'><strong>detraheret</strong></span> <span class='ocrx_word' id='word_1_57' title='bbox 1146 1294 1182 1382; x_wconf 82' lang='lat' dir='ltr'><strong>(l</strong></span> <span class='ocrx_word' id='word_1_58' title='bbox 1204 1298 1273 1366; x_wconf 87' lang='lat' dir='ltr'><strong>Cor.</strong></span> 
     </span>
     <span class='ocr_line' id='line_1_9' title="bbox 155 1419 1275 1514; baseline 0.002 -26"><span class='ocrx_word' id='word_1_59' title='bbox 155 1423 224 1501; x_wconf 89' lang='lat' dir='ltr'><strong>XV,</strong></span> <span class='ocrx_word' id='word_1_60' title='bbox 242 1419 308 1506; x_wconf 87' lang='grc'><strong>56),</strong></span> <span class='ocrx_word' id='word_1_61' title='bbox 333 1426 438 1511; x_wconf 90' lang='lat' dir='ltr'><strong>quiin</strong></span> <span class='ocrx_word' id='word_1_62' title='bbox 461 1424 575 1489; x_wconf 92' lang='lat' dir='ltr'><strong>coelum</strong></span> <span class='ocrx_word' id='word_1_63' title='bbox 598 1425 743 1502; x_wconf 84' lang='lat' dir='ltr'><strong>ascendit,</strong></span> <span class='ocrx_word' id='word_1_64' title='bbox 768 1440 804 1491; x_wconf 88' lang='lat' dir='ltr'><strong>ut</strong></span> <span class='ocrx_word' id='word_1_65' title='bbox 825 1427 1053 1492; x_wconf 87' lang='lat' dir='ltr'><strong>immortalitatis</strong></span> <span class='ocrx_word' id='word_1_66' title='bbox 1077 1426 1156 1491; x_wconf 86' lang='lat' dir='ltr'><strong>dona</strong></span> <span class='ocrx_word' id='word_1_67' title='bbox 1172 1446 1275 1514; x_wconf 91' lang='lat' dir='ltr'><strong>repor-</strong></span> 
     </span>
     <span class='ocr_line' id='line_1_10' title="bbox 155 1544 1275 1638; baseline 0.001 -26"><span class='ocrx_word' id='word_1_68' title='bbox 155 1562 232 1614; x_wconf 80' lang='lat' dir='ltr'><strong>taret</strong></span> <span class='ocrx_word' id='word_1_69' title='bbox 254 1544 343 1636; x_wconf 85' lang='lat' dir='ltr'><strong>(Eph.</strong></span> <span class='ocrx_word' id='word_1_70' title='bbox 360 1547 411 1626; x_wconf 90' lang='lat' dir='ltr'><strong>IV,</strong></span> <span class='ocrx_word' id='word_1_71' title='bbox 427 1545 461 1632; x_wconf 87' lang='grc'><strong>8)</strong></span> <span class='ocrx_word' id='word_1_72' title='bbox 484 1548 625 1616; x_wconf 87' lang='lat' dir='ltr'><strong>fratribus</strong></span> <span class='ocrx_word' id='word_1_73' title='bbox 650 1553 726 1628; x_wconf 91' lang='lat' dir='ltr'><strong>suis,</strong></span> <span class='ocrx_word' id='word_1_74' title='bbox 751 1552 860 1617; x_wconf 90' lang='lat' dir='ltr'><strong>scilicet</strong></span> <span class='ocrx_word' id='word_1_75' title='bbox 883 1550 1020 1617; x_wconf 91' lang='lat' dir='ltr'><strong>omnibus</strong></span> <span class='ocrx_word' id='word_1_76' title='bbox 1044 1550 1155 1638; x_wconf 89' lang='lat' dir='ltr'><strong>ubique</strong></span> <span class='ocrx_word' id='word_1_77' title='bbox 1178 1551 1275 1614; x_wconf 91' lang='lat' dir='ltr'><strong>homi-</strong></span> 
     </span>
     <span class='ocr_line' id='line_1_11' title="bbox 154 1671 1273 1764; baseline 0.002 -27"><span class='ocrx_word' id='word_1_78' title='bbox 154 1672 260 1752; x_wconf 90' lang='lat' dir='ltr'><strong>nibus,</strong></span> <span class='ocrx_word' id='word_1_79' title='bbox 293 1677 344 1761; x_wconf 91' lang='lat' dir='ltr'><strong>qui</strong></span> <span class='ocrx_word' id='word_1_80' title='bbox 372 1674 545 1760; x_wconf 62' lang='lat' dir='ltr'><strong>vigilantes,</strong></span> <span class='ocrx_word' id='word_1_81' title='bbox 576 1671 613 1740; x_wconf 91' lang='lat' dir='ltr'><strong>ne</strong></span> <span class='ocrx_word' id='word_1_82' title='bbox 642 1679 755 1740; x_wconf 87' lang='lat' dir='ltr'><strong>incuria</strong></span> <span class='ocrx_word' id='word_1_83' title='bbox 784 1679 1037 1764; x_wconf 80' lang='lat' dir='ltr'><strong>concupiscentiae</strong></span> <span class='ocrx_word' id='word_1_84' title='bbox 1066 1697 1136 1740; x_wconf 88' lang='lat' dir='ltr'><strong>suae</strong></span> <span class='ocrx_word' id='word_1_85' title='bbox 1160 1673 1273 1750; x_wconf 88' lang='lat' dir='ltr'><strong>cedant,</strong></span> 
     </span>
     <span class='ocr_line' id='line_1_12' title="bbox 154 1795 1272 1890; baseline 0.001 -28"><span class='ocrx_word' id='word_1_86' title='bbox 154 1812 184 1864; x_wconf 88' lang='lat' dir='ltr'><strong>et</strong></span> <span class='ocrx_word' id='word_1_87' title='bbox 206 1809 373 1885; x_wconf 72' lang='lat' dir='ltr'><strong>precamen</strong></span> <span class='ocrx_word' id='word_1_88' title='bbox 400 1811 435 1863; x_wconf 90' lang='lat' dir='ltr'><strong>ut</strong></span> <span class='ocrx_word' id='word_1_89' title='bbox 457 1800 575 1865; x_wconf 89' lang='lat' dir='ltr'><strong>coelesti</strong></span> <span class='ocrx_word' id='word_1_90' title='bbox 598 1799 741 1866; x_wconf 88' lang='lat' dir='ltr'><strong>Paracleti</strong></span> <span class='ocrx_word' id='word_1_91' title='bbox 763 1805 858 1890; x_wconf 80' lang='lat' dir='ltr'><strong>gratia</strong></span> <span class='ocrx_word' id='word_1_92' title='bbox 881 1800 1018 1866; x_wconf 85' lang='lat' dir='ltr'><strong>fruantur</strong></span> <span class='ocrx_word' id='word_1_93' title='bbox 1041 1797 1130 1888; x_wconf 84' lang='lat' dir='ltr'><strong>(Eph.</strong></span> <span class='ocrx_word' id='word_1_94' title='bbox 1146 1797 1202 1877; x_wconf 91' lang='lat' dir='ltr'><strong>Vl,</strong></span> <span class='ocrx_word' id='word_1_95' title='bbox 1222 1795 1272 1864; x_wconf 86' lang='lat' dir='ltr'><strong>t8.</strong></span> 
     </span>
     <span class='ocr_line' id='line_1_13' title="bbox 155 1921 1274 2013; baseline 0 -25"><span class='ocrx_word' id='word_1_96' title='bbox 155 1924 222 1989; x_wconf 89' lang='lat' dir='ltr'><strong>coll.</strong></span> <span class='ocrx_word' id='word_1_97' title='bbox 237 1923 346 1988; x_wconf 86' lang='lat' dir='ltr'><strong>Matth.</strong></span> <span class='ocrx_word' id='word_1_98' title='bbox 364 1923 481 2001; x_wconf 78' lang='lat' dir='ltr'><strong>XXVI,</strong></span> <span class='ocrx_word' id='word_1_99' title='bbox 498 1921 564 2005; x_wconf 84' lang='grc'><strong>41),</strong></span> <span class='ocrx_word' id='word_1_100' title='bbox 589 1948 713 1991; x_wconf 79' lang='lat' dir='ltr'><strong>carnem</strong></span> <span class='ocrx_word' id='word_1_101' title='bbox 727 1928 852 2013; x_wconf 60' lang='lat' dir='ltr'><strong>spirim</strong></span> <span class='ocrx_word' id='word_1_102' title='bbox 873 1925 1076 2012; x_wconf 89' lang='lat' dir='ltr'><strong>subjecerunt,</strong></span> <span class='ocrx_word' id='word_1_103' title='bbox 1102 1938 1131 1990; x_wconf 84' lang='lat' dir='ltr'><strong>et</strong></span> <span class='ocrx_word' id='word_1_104' title='bbox 1148 1936 1274 1990; x_wconf 86' lang='lat' dir='ltr'><strong>veterem</strong></span> 
     </span>
     <span class='ocr_line' id='line_1_14' title="bbox 152 2047 1139 2134; baseline 0.001 -20"><span class='ocrx_word' id='word_1_105' title='bbox 152 2048 304 2115; x_wconf 88' lang='lat' dir='ltr'><strong>Adamum</strong></span> <span class='ocrx_word' id='word_1_106' title='bbox 328 2073 393 2114; x_wconf 86' lang='lat' dir='ltr'><strong>cum</strong></span> <span class='ocrx_word' id='word_1_107' title='bbox 417 2049 597 2116; x_wconf 85' lang='lat' dir='ltr'><strong>facinoribus</strong></span> <span class='ocrx_word' id='word_1_108' title='bbox 621 2055 685 2117; x_wconf 88' lang='lat' dir='ltr'><strong>ausi</strong></span> <span class='ocrx_word' id='word_1_109' title='bbox 709 2062 780 2119; x_wconf 77' lang='lat' dir='ltr'><strong>sisnt</strong></span> <span class='ocrx_word' id='word_1_110' title='bbox 802 2075 910 2118; x_wconf 85' lang='lat' dir='ltr'><strong>exuere</strong></span> <span class='ocrx_word' id='word_1_111' title='bbox 933 2047 1012 2134; x_wconf 85' lang='lat' dir='ltr'><strong>(Col.</strong></span> <span class='ocrx_word' id='word_1_112' title='bbox 1028 2051 1078 2130; x_wconf 90' lang='lat' dir='ltr'><strong>lll,</strong></span> <span class='ocrx_word' id='word_1_113' title='bbox 1096 2049 1139 2134; x_wconf 87' lang='grc'><strong>9).</strong></span> 
     </span>
    </p>
   </div>
   <div class='ocr_carea' id='block_1_4' title="bbox 0 0 1580 5160">
    <p class='ocr_par' dir='ltr' id='par_1_4' title="bbox 0 0 1580 5160">
     <span class='ocr_line' id='line_1_15' title="bbox 0 0 1580 5160; baseline 0 4"><span class='ocrx_word' id='word_1_114' title='bbox 0 0 1580 5160; x_wconf 95' lang='lat' dir='ltr'><strong> </strong></span> 
     </span>
    </p>
   </div>
  </div>
 </body>
</html>
