3152 5160
700 286 745 359 71

162 497 198 562 ah
215 496 365 583 Apostelc
389 519 443 562 nec
466 497 626 584 neglectam
649 495 741 560 luisse
763 517 817 560 nec
839 500 1020 586 ignoratum
1045 502 1074 562 in
1095 511 1200 564 nostm
1216 499 1282 564 loco

163 627 253 712 igitur
281 613 546 705 o’ueedcco'pevoc
573 621 653 686 valet
681 643 794 686 canem
816 621 863 684 vel
890 622 928 686 de
949 645 981 688 ee
1003 633 1153 712 tanquam
1173 634 1285 690 centem

164 748 326 834 deponens.
367 742 482 831 Ἀρχαῐ
510 750 601 834 igitur
630 759 659 811 et
687 743 843 824 ἐξουσίαι,
873 749 1022 834 principes
1049 749 1090 812 illi
1116 747 1282 816 mundanae

162 875 308 960 nequitiae
332 885 362 936 et
382 870 570 938 tenebrarum
594 867 684 959 (Eph.
697 870 753 949 Vl,
774 866 842 952 12),
875 871 964 936 duces
986 871 1142 938 libidinum
1166 873 1282 940 illarum

162 1020 237 1085 quae
264 1002 296 1064 in
324 1000 436 1062 nostris
464 995 602 1062 membris
624 997 752 1062 militant
775 991 916 1078 (dcclv,
936 993 982 1080 l),
1015 995 1136 1064 Christo
1159 1020 1281 1086 quoquc

160 1123 469 1210 tanquam'venanata
490 1120 577 1188 Nessi
600 1124 690 1188 vestis
719 1121 927 1188 adhaeserunt.
975 1120 1035 1186 Sed
1061 1136 1166 1188 cuncta
1189 1126 1281 1211 impe-

160 1248 289 1315 dimenta
317 1251 402 1312 exuit
428 1246 562 1312 sublimis
598 1247 644 1312 ille
681 1249 908 1312 incontinentiae
938 1249 1083 1312 humanae
1113 1269 1198 1314 cruce
1226 1271 1281 1316 sua

160 1377 269 1451 vict0r3
294 1376 443 1461 appetitus
467 1370 614 1440 insertoris
633 1385 755 1437 naturae
772 1371 944 1448 debellavit,
970 1372 1102 1462 subegit,
1126 1375 1279 1463 triumpho

159 1499 260 1576 duxit,
285 1511 315 1564 et
337 1519 451 1588 carnem
475 1497 553 1562 illam
575 1496 757 1562 mortiferam
780 1511 810 1564 et
830 1498 984 1564 mortalem
1007 1520 1083 1586 rogo
1101 1497 1223 1566 funereo
1241 1499 1279 1564 ad

157 1626 269 1690 cineres
292 1644 388 1710 usque
411 1621 596 1700 comburens,
621 1622 689 1688 inde
712 1643 807 1711 purus
829 1627 937 1688 iterum
961 1645 994 1688 ac
1016 1622 1164 1710 perlectus
1186 1625 1277 1690 home

157 1749 196 1814 ad
222 1750 377 1815 coelestem
407 1761 437 1814 et
459 1751 664 1835 sempiternam
693 1748 818 1836 gloriam
842 1761 961 1814 evectus
985 1762 1038 1814 est.
1086 1748 1145 1814 Sed
1170 1749 1280 1816 dixerit

156 1873 283 1940 fortasse
306 1876 468 1962 quispiam,
494 1871 573 1956 »Qui
596 1873 660 1938 heri
675 1877 790 1961 potuit,
816 1885 851 1938 ut
864 1873 952 1938 lesus
970 1874 1147 1961 peccabilem
1162 1897 1277 1942 manem

156 2000 300 2066 exueret?
321 1996 427 2064 Nonne
450 2003 546 2084 χωρὶς
569 1993 727 2085 ἁμαρτίας
750 1999 835 2064 erat?
857 1997 936 2064 Num
959 1997 1051 2064 salsus
1075 2014 1120 2066 est
1141 2004 1197 2066 iste
1213 2000 1277 2068 An·

155 2127 286 2214 glicanae
315 2138 384 2190 tuae
406 2124 553 2192 Ecclesiae
576 2124 732 2202 articulus,
764 2128 814 2213 qui
839 2124 967 2190 declarat
989 2120 1069 2206 (Art.
1081 2123 1154 2208 XV)
1173 2122 1277 2192 ‘Chri-

155 2265 220 2318 stus
248 2255 279 2316 in
308 2264 426 2317 nostrae
455 2263 578 2316 naturae
607 2252 730 2316 veritate
765 2272 818 2338 per
849 2253 948 2316 omnia
976 2251 1079 2316 similis
1108 2249 1203 2316 sactus
1232 2265 1277 2316 est

154 2375 257 2454 nobis,
289 2389 412 2464 excepte
443 2388 580 2462 peccato,
610 2397 712 2464 equo
741 2396 866 2462 prorsus
890 2389 953 2440 eret
974 2379 1128 2452 immunis,
1158 2388 1222 2440 tum
1244 2380 1275 2442 in

155 2523 241 2568 carne
269 2515 333 2568 tum
361 2504 392 2566 in
420 2494 596 2589 spiritu.’«t
626 2499 692 2566 Tali
723 2499 952 2586 interpellationi
980 2499 1052 2587 quid
1080 2501 1275 2588 respondeam
1304 2503 1306 2510 '

154 2649 217 2695 non
239 2627 297 2694 alte
319 2626 479 2715 petendum
502 2638 555 2692 est.
591 2624 655 2690 Nisi
679 2646 830 2712 negamus,
855 2625 939 2714 quod
955 2626 1171 2692 haereticorum
1187 2641 1273 2703 esset,

153 2753 256 2819 desum
286 2752 439 2820 Christum
468 2756 510 2818 ita
537 2763 673 2818 naturam
703 2752 861 2818 humanam
890 2754 1086 2839 assumpsisse
1115 2765 1170 2818 »ut
1198 2739 1290 2820 duee*

153 2891 291 2956 naturae,
324 2878 424 2944 divina
447 2889 476 2944 ct
498 2877 642 2953 humana,
675 2880 787 2966 integre
811 2899 844 2943 ac
866 2875 995 2964 perfecte
1017 2880 1048 2942 in
1070 2881 1183 2944 unitate
1205 2901 1274 2966 per·

153 3026 244 3070 sonae
266 3003 377 3070 luerint
390 3001 624 3090 inseparabiliter
642 3005 831 3090 conjunctae,
856 3002 1019 3090 exquibus
1036 3006 1076 3070 sit
1090 3026 1169 3070 unus
1186 3002 1274 3072 Clui-
1338 3076 1341 3085 ,

152 3142 227 3206 stus,
252 3151 340 3196 verus
361 3129 442 3194 Deus
466 3142 496 3194 et
518 3149 606 3194 verus
630 3129 741 3194 homos
765 3123 875 3210 (Arde.
888 3127 978 3215 Angl.
994 3124 1053 3212 ll),
1078 3129 1273 3196 concedamus

151 3278 269 3322 necesse
292 3269 338 3322 cst
359 3253 484 3320 eundem
507 3254 623 3332 lesum,
651 3276 712 3342 quo
736 3253 899 3330 hominem,
923 3254 1056 3319 molestis
1079 3255 1136 3320 illis
1160 3259 1273 3342 cogita·

151 3380 285 3448 tionibus
314 3379 480 3446 obnoxium
509 3378 615 3457 lmese,
647 3400 722 3467 quae
751 3377 891 3466 peccandi
919 3376 1069 3444 illecebras
1093 3382 1270 3448 ministrant.

151 3507 184 3572 ld
207 3507 290 3594 quod
320 3506 469 3572 declarant
494 3507 672 3571 tentationes
703 3526 777 3592 quas
806 3501 906 3568 subiit.
955 3500 1055 3585 Quum
1083 3516 1182 3570 umen
1203 3527 1272 3593 per·

151 3631 245 3697 lectus
268 3645 347 3698 essct
368 3632 463 3709 Deus,
487 3631 550 3696 fieri
573 3653 636 3698 non
658 3633 759 3718 potnit
782 3631 854 3715 quin
879 3649 995 3694 omnem
1017 3629 1158 3717 peccandi
1180 3644 1271 3698 mate-

149 3759 223 3823 riam
247 3755 303 3824 sibi
327 3756 493 3843 subjiceret.
541 3758 631 3846 Ergo,
660 3769 694 3822 ut
716 3756 882 3844 loquuntur
905 3755 1088 3834 scholastici,
1112 3759 1269 3844 posenno

150 3883 219 3950 liter·
235 3882 413 3969 peccabilis,
438 3883 599 3950 actualimr
621 3881 828 3968 'ammobilia
844 3893 915 3947 erat.
953 3881 1098 3948 »Verbum
1117 3879 1269 3962 (idyocle,

149 4022 185 4075 ut
206 4011 250 4073 ait
263 4007 393 4074 loannes
410 4003 450 4090 (1,
470 4005 539 4092 14),
565 4029 657 4074 »coro
680 4007 791 4073 sactum
814 4019 873 4084 est,
899 4020 928 4072 et
943 4005 1167 4074 tabernaculum
1181 4027 1270 4074 auum
1313 4031 1318 4042 ·

149 4138 225 4200 inter
252 4135 387 4200 homines
410 4133 556 4200 tetendit«
586 4127 927 4214 (et1Tim.H1,16:
957 4131 992 4209 ὃς
1014 4130 1211 4218 ἐφανερώθη
1234 4131 1270 4199 ἐν

148 4256 277 4342 σαρκί),
300 4258 354 4324 sed
375 4280 490 4346 semper
513 4281 547 4324 ea
569 4257 710 4326 utebatur
732 4257 925 4336 abstinentia,
950 4270 986 4323 ut
1008 4279 1132 4324 coenem
1145 4260 1270 4344 spiceae

148 4383 306 4471 subjiceret
330 4380 465 4467 (Collect.
489 4385 607 4452 Domin.
630 4386 652 4449 l.
675 4378 881 4472 quadrages).
922 4383 956 4449 ln
978 4405 1029 4462 eo,
1054 4396 1089 4450 ut
1111 4387 1142 4450 in
1165 4387 1268 4454 ceteris
