3160 5170
686 377 757 450 185

265 553 269 560 Ι
351 585 509 675 ingentes
532 600 602 654 sunt
624 589 688 676 ejus
711 591 786 654 vires
809 601 947 678 tanquam
969 587 1053 688 bovis
1076 588 1184 656 buffeli.

376 711 484 778 Gentes
507 717 657 802 oppositas
681 715 848 792 devorabit,

374 837 483 904 Earum
506 861 574 904 ossa
596 839 772 928 confringet,

374 961 414 1028 Et
436 965 557 1050 sagittas
580 987 649 1031 suas
674 961 716 1047 [in
739 961 891 1053 sanguine]
916 965 1130 1054 contorquehit.

193 1065 230 1110 uu

231 1065 353 1188 ²⁰⁴ng
374 1087 511 1154 Incurvat
533 1112 578 1167 se,
602 1089 769 1176 procumbit
790 1101 824 1154 ut
846 1092 891 1155 leo
914 1101 943 1155 et
965 1091 1077 1167 leaena,

375 1211 447 1289 Quis
469 1237 535 1279 eum
561 1215 701 1280 lacessere
723 1215 849 1280 audeat?
931 1265 940 1281 .

374 1339 548 1406 Benedictus
571 1343 610 1406 sit
630 1341 692 1418 ille,
716 1343 767 1428 qui
788 1340 842 1406 tihi
862 1340 937 1406 bone
960 1340 1080 1420 dixerit,

374 1463 432 1540 Qui
453 1465 543 1542 male,
566 1465 640 1530 male
664 1465 759 1531 dictus
781 1468 827 1530 sit.

1094 1563 1102 1598 i

527 1709 529 1714 ·
551 1681 678 1738 ovem
706 1683 888 1732 PARTIDDM.

195 1779 354 1904 Ἶξωξᾜξῇ
377 1799 455 1869 Dicit
475 1803 621 1870 Biieamus
642 1805 719 1872 filius
741 1805 857 1884 Bootis,

375 1929 454 1996 Dicit
474 1933 534 2008 vir,
558 1934 604 1996 cui
627 1932 729 1998 oculus
752 1945 872 2020 apertus
895 1944 954 2009 est,

304 2066 352 2128 [re]
376 2053 454 2120 Dicit
474 2059 514 2132 is,
538 2059 588 2144 qui
610 2056 700 2122 verba
722 2057 804 2122 audit
826 2057 936 2134 dimna,

376 2179 434 2255 Qui
455 2185 537 2246 norit
559 2185 689 2247 notitiam
713 2187 818 2251 summi
839 2185 978 2259 nomime,

376 2303 433 2380 Qut
454 2309 517 2370 risa
539 2309 744 2394 omnipotentis
766 2307 853 2383 vidit,

376 2429 536 2518 Prolapsus
560 2444 589 2496 ct
610 2435 724 2496 retectis
748 2432 848 2496 oculis.

304 2566 352 2628 [rr]
375 2553 491 2622 Videbo
514 2579 595 2632 cum,
618 2555 751 2623 sednon
777 2577 869 2620 mmo:

378 2679 604 2767 contemplabor
627 2703 707 2758 eum,
732 2683 863 2770 quamvis
885 2702 945 2744 non
968 2683 1008 2746 sit
1028 2684 1221 2769 propinquus.

375 2804 519 2870 Procedet
541 2807 624 2871 stalla
646 2829 684 2872 ex
705 2806 831 2884 docebo,
908 2849 911 2852 -
996 2849 1000 2856 .,

165 2905 355 3020 ³⁶¹⁰m‘xfflj
380 2927 547 3019 Surgetque
568 2945 715 3018 sceptrum
738 2932 915 3008 extracto,
1017 2973 1018 2976 =

375 3055 414 3120 Et
437 3055 597 3121 contundet
617 3069 775 3146 utrumque
797 3057 874 3124 latus
895 3056 1107 3134 Moabitarum,

376 3179 593 3269 Exscindetqoe
616 3195 735 3248 cunctos
758 3182 889 3264 homines
906 3182 1106 3248 turbulentos.

306 3315 354 3378 [m]
378 3304 444 3370 Erit
464 3316 562 3371 autem
583 3310 729 3392 possessio
753 3309 816 3392 ejus
838 3306 989 3383 Idmnaea‚

376 3429 416 3495 Et
437 3429 559 3496 infestus
581 3432 628 3496 ille
651 3429 716 3496 Seir
738 3429 869 3516 ejusdem
889 3432 1038 3516 possessio
1061 3433 1123 3494 erit.

377 3551 458 3620 Nam
473 3554 561 3620 lsrael
584 3567 701 3622 strenuo
723 3577 754 3619 se
775 3567 865 3641 geret.
1025 3634 1027 3639 .

305 3689 353 3756 [ιθ]
378 3679 464 3744 Tum-
479 3679 675 3747 dominabitur
697 3679 799 3768 aliquis
823 3702 861 3746 ex
881 3677 995 3746 «Iacobo
1018 3678 1174 3756 oriundus,

379 3803 543 3893 Omnesque
566 3827 604 3871 ex
625 3804 749 3870 urbibus
773 3809 944 3892 superstites
964 3803 1173 3894 pessumdabit.

246 3961 247 3969 ¹
305 3938 356 4001 {²⁰}
377 3929 501 4018 Amoleq
522 3929 584 3994 fide
599 3933 773 4018 principium
795 3935 937 4016 gentium,

379 4051 439 4120 Sed
460 4055 500 4120 ad
522 4067 684 4121 extremum
705 4055 821 4142 peribit.

307 4189 356 4252 [m]
379 4177 476 4245 Firma
499 4192 547 4246 est
564 4179 706 4246 habitatio
729 4191 794 4257 tua,
821 4173 935 4262 [Daim]
1037 4219 1039 4222 ·

378 4304 418 4369 Et
439 4307 469 4370 in
491 4317 574 4392 petra
596 4307 719 4391 posuisti
741 4304 843 4370 nidum
865 4317 964 4383 tuum3

378 4428 571 4498 Nihilominus
594 4428 725 4496 futurum
749 4441 849 4498 estut
870 4428 1042 4498 incendetur
1062 4426 1151 4506 Qain,

379 4553 418 4620 Et
440 4575 592 4644 meusque
615 4553 835 4640 contemplabor
857 4557 1052 4642 captivitatem
1073 4553 1169 4620 tuam!

619 4709 830 4726 —m
