3160 5170
611 285 824 394 Q

157 493 290 554 narravit
311 512 342 555 se
366 490 474 555 librum
497 490 569 579 legis
592 493 740 556 invenisse
762 495 793 555 in
817 492 887 556 aede
908 491 1054 570 deborae,
1079 516 1166 580 quem
1189 494 1276 558 simul

158 617 182 678 ei
210 613 353 680 tradidit«
384 611 423 698 (2
444 613 519 703 Reg.
542 615 642 693 XXII,
665 611 715 698 8).
762 616 828 680 Iam
856 639 927 683 vero
955 618 1083 684 Davides
1114 623 1276 685 moriturus

158 736 315 805 Salomoni
342 753 529 828 praeceperat
559 736 596 823 (1
614 741 687 828 ch.
709 740 749 818 11,
773 737 829 824 3),
860 756 896 809 nt
924 743 1078 831 diligenter
1106 743 1278 811 observaret

156 863 287 960 Jehovae
315 867 466 942 instituta,
497 869 593 953 iisque
615 869 707 932 vitam
735 888 819 932 suam
848 867 987 956 dirigeret
1015 873 1136 955 aprouti
1159 873 1189 934 in
1212 870 1276 957 lege

156 987 289 1054 Mosaica
309 991 426 1077 coapta
448 1002 630 1056 exstarent«
664 992 748 1057 Hane
763 993 855 1080 legem
871 995 1010 1080 scriptam
1025 1015 1088 1059 non
1102 993 1172 1058 alibi
1188 1015 1276 1082 mem

156 1115 187 1177 in
210 1111 286 1179 libro
310 1115 534 1194 Deuteronomii
557 1121 696 1204 reperiri,
726 1117 814 1182 nobis
838 1131 943 1183 auctor
965 1132 1010 1183 est
1032 1118 1208 1205 compilator
1228 1118 1276 1184 ille

155 1237 378 1306 Masorethieus
395 1245 456 1328 ‘qui
483 1245 573 1308 istum
602 1242 710 1308 librum
738 1245 769 1307 in
799 1265 861 1309 eam
889 1243 1028 1321 formam,
1060 1245 1174 1333 qualem
1197 1267 1276 1308 nunc

156 1362 292 1443 exhibet,
317 1366 510 1454 redigendum
534 1372 673 1455 suscepit.
708 1369 761 1434 Ait
776 1373 852 1433 enim
872 1382 1049 1457 »postquam
1065 1369 1166 1434 Moses
1181 1381 1275 1434 totam

155 1491 232 1555 hanc
246 1491 340 1580 legem
355 1493 389 1556 c'o
404 1491 481 1557 tetro
499 1468 670 1586 (ἾΒΨἪῙ)
693 1498 864 1581 scripserat,
889 1499 1038 1582 praecepit
1052 1495 1163 1560 Levitis
1179 1517 1275 1560 arcam

155 1615 283 1681 foederis
313 1616 503 1705 portantibus
533 1577 567 1682 dt
596 1639 658 1682 eam
683 1620 774 1704 juxta
797 1642 893 1684 arcam
915 1619 1043 1684 foederis
1066 1620 1197 1686 dehovae
1220 1620 1276 1684 Dei

156 1743 202 1806 sui
228 1741 429 1829 deponerent«
454 1739 629 1826 (Deuteron.
645 1741 762 1822 XXXI,
780 1743 869 1808 24-
882 1741 948 1829 26).
986 1745 1026 1809 Et
1048 1745 1177 1809 Davides
1200 1748 1273 1831 ipse,

156 1870 204 1931 cui
226 1867 351 1932 fidenter
372 1867 531 1933 tribuimus
546 1868 696 1935 Pselmum
711 1869 786 1947 XL,
802 1869 945 1956 loquitur
967 1869 1009 1934 ihi
1025 1866 1066 1953 (v.
1081 1865 1114 1952 7)
1136 1871 1175 1934 de
1189 1870 1274 1934 uolu-

154 1994 238 2057 mc‘oe
260 1994 333 2058 tetri
355 1968 594 2099 (wpfflillm),
619 1995 698 2059 unde
721 1995 889 2060 edidicisset
912 1995 1025 2059 »Deum
1045 1994 1193 2060 sacrificiis
1209 1996 1276 2058 nul·

155 2118 215 2182 lum
238 2121 368 2205 pretium
391 2089 556 2184 statueres
587 2118 669 2184 Hanc
692 2119 783 2184 luisse
803 2119 947 2185 Samuelis
972 2119 1135 2185 doctrinam
1159 2132 1276 2185 constat

156 2265 195 2307 ex
223 2243 300 2308 libro
332 2243 446 2310 lSam.
469 2244 538 2322 XV,
556 2244 614 2321 22,
645 2244 699 2309 ubi
727 2245 876 2332 propheta
900 2244 1023 2309 Saulum
1053 2249 1095 2310 sie
1123 2245 1273 2310 admouet:

157 2369 226 2435 »An
241 2392 313 2434 vero
337 2369 405 2456 plus
427 2370 545 2457 placent
559 2370 690 2434 Jehevae
712 2369 920 2434 holocaustum
944 2382 973 2433 et
995 2371 1111 2434 hostiae
1127 2371 1273 2456 pacificae,

156 2513 245 2582 mam
268 2507 304 2560 ut
326 2495 429 2560 audias
453 2517 556 2560 vocem
573 2495 727 2560 Jehovae?
748 2494 785 2559 Ei
809 2495 974 2560 auscultare
997 2495 1029 2559 id
1052 2495 1169 2558 demum
1191 2508 1276 2582 gnata

156 2618 255 2684 hostia
279 2633 338 2697 est,
363 2620 512 2687 attendere
535 2633 633 2685 autem
654 2623 801 2708 acceptius
817 2620 934 2707 adipes
967 2617 1070 2708 Neque
1084 2619 1174 2684 ullam
1190 2620 1275 2683 aliam

158 2743 320 2809 doctrinam
350 2749 480 2811 invenies
510 2750 540 2810 in
568 2746 783 2835 prophetarum
812 2749 945 2832 scriptis,
977 2767 1052 2834 quae
1076 2744 1132 2810 sub
1155 2745 1275 2834 regibus

156 2869 277 2934 Iudaeis
307 2871 386 2936 edita
413 2886 493 2937 sunt.
539 2872 633 2938 Amos
664 2870 750 2936 docet
777 2873 919 2936 sacrificia
948 2884 978 2937 et
1006 2884 1108 2936 coetus
1132 2870 1276 2936 solemnes

157 3000 274 3061 minime
289 2997 421 3062 Iehovae
443 2998 572 3086 plaeere,
596 3017 692 3085 neque
715 3001 792 3062 enim
814 2999 898 3064 Illum
919 2999 991 3063 talia
1011 2997 1150 3062 Israelitis
1172 3000 1204 3062 in
1227 2997 1277 3061 de-

157 3135 236 3188 serto
260 3127 444 3211 praecepisse
461 3119 511 3206 (V,
529 3119 684 3204 21-25).
722 3123 862 3188 Similiter
877 3124 1017 3188 Ieremias
1040 3123 1167 3188 affirmat
1181 3122 1276 3189 Deum

156 3267 193 3312 ne
209 3247 300 3313 verbo
320 3249 438 3336 quidem
456 3262 543 3314 tenus
559 3252 743 3337 praecepisse
760 3248 1001 3314 holocautomata
1018 3261 1047 3314 et
1063 3253 1196 3314 victimas
1216 3270 1277 3334 quo

158 3373 205 3437 die
227 3373 372 3439 Israelitas
401 3351 538 3440 exterra
559 3374 691 3462 Aegypti
715 3374 868 3439 eduxisset
891 3371 970 3454 (Vll,
988 3372 1040 3450 22,
1059 3369 1124 3457 23).
1165 3373 1276 3437 Jesuias

160 3520 281 3586 quoque
312 3499 439 3564 declarat
460 3500 605 3566 dehoram
632 3505 726 3589 magis
750 3501 788 3565 ad
809 3503 948 3588 pietatem
971 3498 1119 3562 cultorum
1142 3519 1275 3574 suorum,

157 3641 246 3712 mam
270 3624 308 3688 ed
330 3626 547 3691 multitudinem
571 3628 781 3692 sacrificiorum
805 3637 935 3713 spectare
959 3620 1003 3707 (Ι,
1025 3621 1062 3690 11
1076 3621 1193 3706 *17).
1239 3623 1279 3688 Et

155 3749 271 3814 Michas
301 3763 417 3828 noster,
447 3753 478 3815 in
507 3773 543 3818 eo
573 3751 639 3817 loeo
669 3751 722 3817 uhi
752 3753 838 3839 quasi
860 3772 921 3815 uno
946 3772 997 3814 ore
1020 3749 1059 3813 ad
1081 3750 1278 3815 Jasharanum

156 3871 265 3938 librum
289 3887 319 3939 et
332 3871 598 3942 Deuteronomium
620 3890 767 3966 provocat
789 3873 857 3959 (Vl,
877 3872 986 3960 1-8)‚
1011 3885 1110 3963 aperie
1134 3873 1279 3962 significat

156 3996 253 4066 Deum
276 4023 337 4065 nen
359 4004 508 4087 requirere
523 4006 655 4090 pretiosa
671 4003 827 4079 sacrificia,
852 4001 904 4066 sed
921 4014 955 4066 ut
969 4001 1108 4065 faciamus
1120 4001 1276 4086 justitiam,

157 4139 188 4190 et
215 4126 371 4214 dlligamus
400 4127 631 4194 misericordiam
660 4143 689 4194 et
716 4128 866 4193 humiliter
889 4127 985 4193 Deum
1012 4128 1152 4192 colamus.
1200 4124 1280 4208 Quid

158 4251 299 4339 quaeris?
330 4273 431 4317 omnes
457 4253 621 4339 prophetae
642 4253 764 4318 eandem
785 4254 958 4323 cantilenam
980 4257 1154 4330 concinunt,
1183 4273 1279 4338 neque

157 4380 316 4467 quisquam
339 4399 442 4444 eorum
465 4377 502 4444 de
524 4378 661 4446 Levitieis
685 4383 856 4446 ceremoniis
880 4383 922 4446 ita
944 4381 1064 4446 locutus
1088 4392 1147 4458 cst,
1171 4389 1207 4442 ut
1229 4379 1286 4466 qui¹

1032 4501 1064 4558 11
