3152 5160
821 375 870 446 64

739 473 948 484 -ι-----

288 582 367 670 apud
390 605 456 647 enm
481 594 525 647 est
547 581 615 648 fons
637 583 718 648 ottae
734 577 864 676 (ΠὛᾏῌ),
889 595 918 647 et
940 585 970 646 in
993 583 1102 647 lumine
1116 582 1182 668 ejus
1198 585 1407 670 sempiternam

286 708 381 773 lucem
404 708 584 772 intuebimur
607 703 696 791 (v.9,
717 703 780 790 10).

374 834 451 899 Illud
474 856 593 922 quoque
617 832 778 898 observatu
793 833 915 921 dignum
931 846 989 911 est,
1015 832 1098 921 quod
1113 834 1220 920 prioris
1236 831 1407 920 Fragmenti

288 973 391 1025 auctor
412 981 468 1048 pro
488 980 586 1036 earne,
613 961 658 1023 eui
676 970 827 1045 peecatum
845 957 995 1036 attribuit,
1021 981 1072 1022 cor
1087 959 1249 1024 humanum
1264 971 1406 1045 tanquam

288 1086 372 1150 aliam
392 1089 443 1150 ¹rei
472 1085 602 1172 ejusdem
632 1083 875 1172 significationem
897 1087 1009 1171 posuit.
1055 1084 1108 1149 Ait
1131 1087 1207 1149 enim
1230 1105 1291 1150 non
1313 1082 1406 1147 modo

288 1233 412 1278 caruem
434 1233 497 1276 esse
520 1214 631 1298 peccati
653 1212 800 1274 materiem
826 1205 916 1291 (Gen.
930 1208 986 1286 Vi,
1004 1205 1059 1292 3),
1083 1231 1187 1275 verum
1210 1212 1295 1274 etiam
1319 1229 1407 1274 omne

287 1337 458 1424 figmentum
482 1338 544 1400 sive
567 1336 735 1413 consilium,
762 1334 845 1422 quod
868 1357 921 1400 cor
943 1335 1071 1400 hominis
1088 1335 1255 1413 meditatur,
1278 1355 1407 1422 pravum

282 1483 351 1528 esse
380 1456 454 1544 (Vi,
478 1457 532 1543 5),
570 1475 599 1526 et
628 1483 743 1526 omnem
772 1464 979 1548 cogitationem
1011 1461 1112 1525 cordis
1141 1461 1263 1526 humani
1284 1480 1407 1554 pravam

289 1609 352 1652 esse
379 1588 447 1651 inde
476 1611 492 1651 a
519 1590 646 1673 pueritia
677 1583 769 1670 (VIII,
794 1582 859 1670 21).
906 1585 1007 1674 Atque
1035 1585 1176 1651 Hebraeis
1206 1584 1323 1674 quidem
1355 1585 1408 1648 de-

288 1711 409 1778 fuerunt
430 1735 533 1790 voees,
564 1711 673 1800 quibus
703 1711 847 1776 humanae
875 1725 998 1776 naturae
1026 1711 1244 1776 trichotomiam
1274 1723 1407 1775 accurate

289 1837 512 1926 distinguerent.
551 1837 652 1925 Itaque
674 1859 736 1902 nno
760 1837 907 1902 vocabulo
931 1814 1029 1941 23¹2,
1055 1858 1117 1921 eor,
1140 1859 1202 1903 non
1224 1836 1314 1901 modo
1336 1833 1408 1900 ἕνα-

289 1963 416 2046 θυμίαν
438 1963 484 2026 vel
514 1957 790 2048 eoueatpisceutiom
817 1962 1036 2048 significabant,
1068 1985 1171 2027 verum
1201 1966 1287 2028 etiam
1309 1958 1408 2040 λόγον

288 2087 518 2170 relectionem,
543 2086 625 2151 haud
648 2087 730 2152 aliter
753 2107 841 2174 quam
864 2087 991 2153 Romani
1015 2084 1090 2171 (Cic.
1108 2063 1199 2153 Tusc.
1215 2085 1299 2175 Disp.
1316 2086 1342 2164 1,
1361 2081 1406 2169 9),

290 2212 372 2278 cordi
395 2211 565 2277 tribuebant
586 2208 616 2295 (1
634 2213 708 2300 Reg.
725 2213 769 2290 X,
788 2209 831 2295 2),
856 2227 886 2278 ct
900 2213 993 2278 eidem
1008 2213 1074 2279 loco
1092 2213 1282 2301 assignabant
1294 2205 1409 2295 θυμὸν

288 2341 308 2402 i.
332 2362 357 2404 e.
388 2337 605 2416 fortitudinem,
641 2339 838 2418 voluntatem,
875 2353 905 2404 et
939 2340 1092 2404 consilium
1127 2338 1233 2427 agendi
1262 2333 1299 2420 (1
1325 2335 1406 2402 Sam.

244 2449 246 2458 .
288 2462 369 2541 XIV,
392 2462 422 2530 7.
454 2463 576 2528 ZSam.
593 2464 661 2542 Vn,
686 2461 741 2547 27)
758 2458 788 2547 ¹).
837 2463 898 2530 Sed
924 2463 1012 2556 longe
1041 2464 1224 2552 frequentior
1252 2475 1297 2528 est
1323 2465 1408 2528 voeis

289 2563 372 2693 23¹2>
399 2611 472 2655 usus
504 2589 542 2653 ad
571 2590 770 2656 denotandum
800 2589 935 2668 affectus,
971 2594 1134 2677 appetitus,
1170 2593 1325 2678 variasque
1354 2587 1409 2673 τῆς

290 2713 466 2798 ἐπιθυμίας
496 2719 723 2793 commotiones,
754 2713 837 2802 qnod
867 2719 959 2780 cnivis
988 2720 1165 2794 innotescet,
1195 2720 1248 2804 qni
1275 2715 1409 2780 Lexicon

288 2839 464 2904 Hebraicum
481 2839 527 2902 rel
541 2838 788 2904 Concordantiam
803 2844 975 2928 inspexerit.
1002 2841 1042 2906 Et
1052 2840 1230 2906 vocabulum
1245 2833 1406 2944 ΠᾎΨΠᾨ,

290 2963 373 3052 quod
389 2964 515 3029 radicem
538 2959 630 3068 attii]
654 2969 783 3031 continet
800 2979 829 3031 et
844 2967 973 3053 ejusdem
989 2971 1145 3054 prosapiae
1160 2979 1205 3031 est
1220 2989 1253 3030 oc
1268 2935 1406 3068 piabit,

291 3089 326 3153 de
350 3109 410 3176 quo
435 3081 526 3176 supra
548 3094 675 3178 egimus,
700 3095 797 3156 innuit
819 3096 920 3180 potius
943 3091 1078 3157 turbidas
1100 3093 1174 3170 illas,
1198 3095 1354 3179 inquietas,
1379 3103 1409 3155 et

290 3214 411 3301 cupidas
427 3193 572 3281 inferioris
588 3229 709 3281 naturae
725 3219 955 3283 machinationes
972 3231 1001 3282 et
1016 3231 1148 3296 conatus,
1174 3229 1262 3305 quam
1278 3216 1408 3282 sedatam

290 3353 320 3405 et
332 3339 454 3406 solidam
467 3345 590 3407 rationis
608 3341 854 3409 deliberationem.
878 3344 943 3409 Hoc
955 3356 1001 3408 est
1015 3342 1148 3431 profecto
1162 3341 1307 3420 corillud
1325 3341 1410 3429 quod

289 3471 451 3555 »pessimas
482 3471 676 3556 cogitationes
705 3469 909 3534 machinatur«
934 3464 1009 3574 ((1)τὲ
1031 3462 1198 3575 dimidii?
1222 3460 1311 3561 idip'ii
1332 3443 1407 3559 35)

291 3587 467 3675 (Pror.VI‚
488 3590 555 3676 18),
585 3594 642 3658 hoc
666 3606 711 3659 est
734 3619 786 3659 cor
808 3594 881 3659 illud
905 3594 987 3682 quod
1010 3598 1060 3659 »in
1082 3615 1265 3682 unoquoque
1289 3593 1409 3657 homine

289 3729 460 3783 tortuosum
495 3731 540 3784 est
570 3733 599 3784 et
627 3719 808 3785 insanabile«
839 3715 928 3802 (artu
958 3715 1053 3826 idiltf]
1082 3693 1163 3793 'ibn
1192 3696 1278 3811 ἠΰ
1307 3709 1407 3824 qu)

290 3833 369 3926 (Jer.
391 3844 490 3922 XVH,
516 3840 563 3928 9).
610 3835 754 3934 Denique
775 3845 833 3910 hoo
862 3857 907 3910 cst
928 3825 1004 3908 iilud
1025 3866 1087 3927 eor,
1118 3844 1153 3910 de
1177 3865 1237 3932 quo
1261 3844 1408 3909 Dominus

289 3983 391 4036 noster
413 3970 500 4036 Jesus
525 3970 662 4036 Christus
692 3971 815 4034 solemni
837 3993 910 4034 voce
938 3973 1156 4057 pronuntiarit:
1188 3969 1244 4034 »ab
1267 3972 1348 4035 intus
1371 3967 1408 4034 de

291 4097 382 4162 eorde
405 4097 558 4162 hominum
581 4096 672 4161 malae
689 4099 881 4184 cogitationes
897 4097 1065 4184 procedunt
1083 4131 1119 4146 -
1139 4095 1290 4174 adulteria,
1315 4093 1409 4160 forni-

366 4291 385 4358 ¹)
409 4291 485 4361 Apud
503 4291 627 4346 Joaonem
647 4290 729 4364 Epist.
743 4288 770 4357 1,
786 4285 811 4356 3,
824 4287 867 4357 20,
880 4287 912 4346 21
938 4293 1038 4364 καρδία
1056 4289 1123 4345 idem
1140 4288 1210 4345 vaiet
1228 4298 1304 4362 atque
1322 4290 1409 4344 ocrei-

291 4385 364 4455 dqms
382 4405 423 4454 et,
444 4407 508 4459 quac
528 4398 628 4445 accusat
647 4397 672 4444 et
691 4387 804 4445 defendit
822 4388 1047 4458 (raulromtt,
1062 4385 1106 4460 15)
1125 4389 1266 4446 seeundum
1284 4383 1311 4445 td
1328 4389 1410 4461 ἔργον

285 4485 334 4540 toti
351 4486 435 4559 νόμον
452 4485 569 4564 γραπτὸν
587 4489 616 4543 ἓν
633 4487 689 4548 ταῖς
705 4489 839 4559 καρδίαις.
