3152 5160
670 385 743 457 113

144 593 283 658 nonnihil
306 593 495 659 obscuritatis
524 597 655 681 pariunt.
703 592 801 677 Quum
830 607 927 659 tamen
949 593 1074 660 Kinnaei
1096 615 1268 660 recensean-

144 731 195 783 tur
218 723 249 783 in
272 719 369 785 fronte
394 721 524 784 omnium
548 718 747 784 meridionalis
768 718 950 785 Palaestinae
972 720 1155 807 populorum
1178 718 1265 804 (Gen.

144 843 213 921 XV,
234 839 304 927 19),
334 845 537 932 Amalequitae
566 857 663 910 antem
688 841 828 933 (quorum
852 858 930 909 terra
952 868 1006 932 per
1028 849 1266 932 anticipationem

145 970 374 1058 geographicam
397 973 568 1035 nominatur
584 970 656 1035 Gen.
672 969 753 1048 XIV,
771 965 805 1053 7)
828 974 905 1035 inter
927 973 1047 1056 spurios
1062 970 1152 1034 Esavi
1174 993 1267 1059 nepo·

144 1105 189 1158 tes
212 1108 369 1181 ponuntur
392 1091 478 1174 (Gen.
495 1094 641 1174 XXXVI,
662 1092 725 1178 12),
753 1095 835 1160 133113
859 1095 960 1160 credas
983 1095 1133 1160 Kinnaeos
1158 1101 1267 1160 consti·

145 1222 238 1283 tuisse
266 1223 428 1308 principem
443 1244 565 1309 pagum
589 1221 636 1285 vel
659 1234 775 1309 gentem
798 1224 875 1285 inter
897 1219 1038 1285 nomades
1061 1219 1188 1285 Arabiae
1211 1221 1268 1285 Pe·

144 1357 253 1409 traeae.
299 1345 347 1410 Ex
375 1359 479 1410 nostro
503 1345 681 1434 Fragmento
707 1342 769 1429 (lV,
789 1342 842 1428 12)
871 1346 1081 1411 concludamus
1104 1347 1171 1410 licet
1192 1346 1267 1411 Xin·

144 1491 246 1548 naeos,
272 1474 350 1535 sicut
371 1472 499 1559 reliquas
523 1485 679 1537 montanae
703 1485 732 1536 et
755 1473 886 1538 desertae
906 1476 1036 1561 regionis
1051 1471 1168 1550 tribus,
1181 1474 1265 1537 initio

145 1597 243 1661 saltim
272 1597 467 1662 errabundam
497 1601 588 1662 vitam
616 1601 735 1663 incertis
765 1597 885 1662 sedibus
915 1601 1024 1686 egisse,
1054 1597 1209 1662 latrocinio
1238 1609 1268 1660 ct

146 1723 227 1786 caedi
251 1721 389 1787 deditam.
435 1723 545 1788 Postea
567 1745 656 1803 vero,
686 1735 721 1787 ut
745 1721 883 1815 discimps
908 1744 946 1786 ex
968 1721 1056 1787 Num.
1078 1723 1189 1800 XXIV,
1213 1720 1264 1800 21,

144 1846 358 1912 habitationem
381 1851 516 1935 ipsoraun
541 1854 626 1937 quasi
649 1852 679 1913 in
702 1848 774 1914 nido
797 1848 958 1935 ponebant.
995 1847 1062 1931 Quo
1087 1846 1265 1926 factumest,

145 1986 180 2037 ut
207 1974 377 2061 principalis
407 1975 479 2038 haec
507 1975 604 2040 tribus
634 1998 664 2039 sc
695 1997 711 2038 a
741 1978 844 2039 ceteris
867 1972 1122 2060 Amalequitarum
1150 1973 1266 2036 larniliis

145 2111 323 2186 segregaret.
356 2100 379 2162 Ii
404 2099 542 2170 errabant
565 2113 594 2165 et
615 2100 877 2165 latrocinabantur.
911 2099 1038 2164 Kinnaei
1053 2121 1124 2165 vero
1148 2097 1266 2163 insede

145 2246 200 2287 sua
222 2223 383 2290 restabant.
426 2225 465 2289 Et
489 2247 580 2312 quum
603 2225 749 2290 Israelitee
773 2224 810 2288 ab
833 2226 974 2314 Aegypto
997 2225 1118 2313 profugi
1141 2247 1194 2310 per
1217 2223 1267 2288 de-

145 2363 257 2414 sertum
278 2348 405 2416 Arabiae
427 2350 640 2439 peragrabant,
664 2351 790 2416 Kinnaei
814 2350 932 2438 quidem
955 2350 1065 2415 nullam
1089 2363 1192 2414 contra
1215 2372 1266 2413 eos

144 2474 306 2539 movebant
333 2475 437 2554 aciem,
468 2475 671 2564 Amalequitae
699 2489 795 2540 autem
821 2476 942 2540 electum
965 2475 1127 2563 populum,
1158 2488 1193 2539 ut
1216 2478 1267 2561 qui

146 2621 215 2665 suas
239 2601 323 2665 sedes
346 2601 512 2679 invaderet,
537 2623 652 2688 semper
676 2614 705 2666 et
722 2601 833 2688 ubique
853 2599 973 2664 infensis
990 2603 1094 2664 animis
1110 2611 1139 2664 et
1153 2597 1266 2662 infestis

146 2730 233 2790 armis
258 2726 482 2815 oppugnabant.
517 2727 720 2814 Amalequitae
736 2729 822 2790 victis
846 2738 875 2790 et
897 2724 1063 2791 imbellibus
1086 2726 1196 2790 nnllam
1212 2727 1267 2788 mi·

146 2851 335 2918 sericondiam
357 2856 540 2940 praestitisse
564 2853 729 2940 colligimus
746 2874 784 2916 ex
799 2852 897 2940 Agagi
913 2855 1048 2930 saevitie,
1073 2852 1187 2940 qualem
1203 2873 1265 2915 eam

146 2975 286 3042 describit
308 2976 428 3044 Samuel
452 2974 480 3062 (l
502 2978 581 3043 Sam.
597 2977 666 3056 XV,
684 2973 750 3061 33).
784 2977 888 3065 Neque
912 2981 988 3043 enim
1011 2980 1120 3042 rationi
1143 2998 1267 3042 consen·

144 3115 265 3168 taneum
294 3116 339 3168 est
361 3104 477 3170 credere
501 3107 702 3191 antiquiorum
725 3102 981 3191 Amalequitarum
1003 3125 1100 3168 mores
1122 3105 1267 3168 recentio-

143 3250 211 3292 rum
241 3227 375 3293 moribus
405 3227 495 3293 luisse
523 3231 664 3294 mitiores.
711 3229 791 3316 Ergo
815 3230 959 3294 Israelitas
986 3232 1017 3294 in
1041 3251 1075 3293 3ο
1099 3228 1264 3305 intervallo,

144 3352 228 3440 quod
257 3356 335 3418 inter
361 3354 502 3418 Exodum
531 3365 560 3418 31
588 3357 752 3440 promissae
781 3354 895 3418 telluris
925 3352 1148 3416 debellationem
1176 3356 1267 3416 inter·
1303 3426 1313 3446 ι

144 3481 246 3555 cessit,
271 3484 421 3566 perpetuis
445 3476 687 3567 aggressionibus
708 3477 898 3543 lacessebant.
934 3476 1009 3541 Hinc
1024 3477 1090 3540 illae
1105 3475 1265 3561 lacrymae!

144 3601 222 3667 Hinc
243 3603 388 3689 populare
412 3603 485 3668 illud
509 3603 627 3682 odium,
658 3602 756 3692 quod,
787 3601 960 3667 Hannibalis
983 3604 1058 3680 ritu,
1089 3611 1174 3665 vetus
1199 3622 1267 3664 can-

145 3728 234 3792 tilena
258 3731 343 3814 quasi
362 3729 430 3814 jure
448 3729 579 3814 jurando
605 3732 769 3794 sanciverat
792 3722 1105 3810 OExod.XVll,16):

360 3853 502 3918 »Manum
527 3853 564 3918 ad
586 3854 718 3919 Jehovae
740 3854 901 3920 thronum!

358 3978 473 4043 Bellum
496 3983 551 4044 erit
573 3983 649 4043 inter
672 3979 815 4044 Jebovam
840 3992 868 4043 et
890 3976 1092 4066 Amalequitae

359 4103 388 4168 A
411 4107 600 4191 generatione
622 4107 652 4168 in
675 4105 932 4193 generationem«

145 4233 165 4294 i.
182 4253 207 4294 e.
231 4231 439 4316 unusquisque
461 4231 659 4295 Israelitarum
687 4230 746 4293 hoc
770 4227 967 4316 jurejurando
997 4226 1194 4312 obstringitur
1217 4219 1265 4308 (cf.

146 4354 268 4433 Ewald,
294 4349 915 4440 (13331331331731133333311,3297).
954 4352 1087 4416 Mentem
1110 4350 1266 4437 Amalequi
1331 4327 1332 4330 Ἴ

147 4473 235 4560 (tud.
255 4478 294 4557 V,
320 4476 379 4563 14)
410 4493 439 4545 31
467 4481 618 4548 Kinnaeos
654 4474 743 4561 (ibid.
769 4472 830 4560 24)
865 4477 957 4542 luisse
984 4479 1014 4539 13
1045 4474 1268 4564 septentrionali

1036 4595 1055 4651 8
