3160 5170
616 335 831 450 -193-

158 561 263 613 monet
285 547 509 618 Schumanuus:
538 569 628 614 ‘cavo
650 570 687 612 ne
709 547 915 634 praeverbium
938 551 983 642 ῌ,
1014 551 1111 637 quod,
1139 549 1193 615 ubi
1216 573 1283 616 cum

161 673 252 740 verbo
281 685 381 739 motos
404 675 570 761 copulatur,
602 673 689 737 simul
712 673 823 738 indicat
843 696 969 740 manere
992 675 1104 762 aliquid
1126 681 1158 742 in
1181 678 1281 764 aliquo

159 801 236 876 loco,
262 822 328 864 cum
350 803 572 887 praepositione
595 773 680 903 Ἠζὲ,
712 820 787 886 quae
815 810 932 863 tantum
953 809 1070 863 motum
1093 800 1131 864 ad
1153 802 1282 890 aliquam

160 947 219 990 rem
250 928 403 1012 exprimit,
434 937 541 988 temere
572 935 743 988 commutes.
789 923 864 987 Nam
886 936 1093 1011 praeterquam
1117 926 1200 1012 quod
1222 928 1282 991 boc

160 1050 246 1114 docet
268 1063 376 1114 natura
398 1050 489 1136 hujus
512 1048 693 1136 praeverbii,
717 1052 750 1112 in
772 1049 863 1113 altero
888 1049 1074 1114 hemisticbio
1094 1051 1281 1136 parallelismi

159 1178 347 1262 synonymici
370 1196 451 1238 vocc.
469 1150 638 1265 'tntfit'btt
666 1148 804 1279 ΠῌῌΡΞ
832 1173 906 1238 illud
930 1173 1048 1238 adsaum
1074 1175 1280 1242 confirmant«

157 1301 200 1364 lta
224 1303 309 1387 quasi
333 1303 502 1364 continuam
524 1299 630 1363 harum
653 1298 785 1364 tribuum
809 1299 1010 1364 exclusionem
1032 1299 1161 1366 indicare
1184 1302 1281 1368 voluit

155 1439 261 1514 poeta3
286 1439 315 1491 et
338 1447 430 1513 quum
454 1424 550 1502 addit,
574 1425 758 1511 patriarchae
780 1428 898 1490 nomine
921 1424 1057 1512 loquens,
1081 1428 1157 1490 istos
1173 1426 1279 1492 fratres

156 1553 289 1638 nequitia
310 1551 450 1639 gemellos
472 1554 549 1614 inter
562 1550 708 1615 Israelitas
731 1573 794 1614 nou
816 1553 894 1614 sieut
915 1550 1043 1638 reIIques
1066 1551 1162 1616 tribus
1184 1565 1278 1618 certas

155 1680 187 1740 in
215 1679 363 1762 promissa
389 1677 492 1740 tellure
516 1676 599 1740 sedes
623 1674 825 1753 habitaturos,
855 1674 909 1740 sed
932 1676 1083 1764 dispersos
1106 1675 1185 1754 sore,
1216 1698 1279 1743 non

155 1815 233 1867 certe
256 1801 448 1889 exspectabat
469 1801 532 1866 sore
555 1815 590 1865 ut
613 1823 647 1865 ea
670 1804 814 1866 sententia
837 1805 920 1866 irrita
942 1802 1039 1878 fieret,
1065 1793 1123 1866 sed
1136 1815 1278 1890 tanquam

152 1940 300 2016 perpetuo
324 1949 493 1992 mansuram
517 1925 790 1992 condemnationem
813 1950 896 1992 suam
918 1926 1142 2015 pronuntiabat.
1176 1927 1277 2016 Atque

154 2053 204 2117 bic
228 2056 323 2117 oritur
346 2055 480 2140 quaestio
508 2053 559 2116 iIIa
581 2052 617 2115 de
640 2051 809 2117 Levitarum
833 2066 922 2117 sorte.
971 2052 1004 2117 Si
1028 2057 1104 2117 enim
1127 2053 1185 2118 boe
1208 2075 1277 2118 can·

153 2181 246 2242 ticum
276 2177 332 2242 sub
356 2176 518 2242 Solomone
541 2181 684 2264 scriptum
707 2190 766 2254 est,
797 2191 827 2242 et
849 2181 874 2241 si
896 2191 968 2242 tunc
990 2181 1133 2266 temporis
1156 2166 1277 2244 Ldvitae

154 2327 271 2369 summo
295 2302 460 2368 sacerdotio
486 2316 515 2366 et
533 2303 633 2366 multis
648 2306 786 2389 praemiis
802 2315 890 2390 atque
907 2302 1073 2368 bonoribus
1089 2302 1274 2380 fruebantur,

153 2434 205 2494 vix
234 2429 371 2494 credibile
400 2441 445 2493 est
466 2441 585 2516 poetam
608 2428 685 2492 banc
707 2426 817 2492 tribum
840 2441 982 2515 tanquam
1002 2441 1164 2516 perpetuae
1186 2429 1275 2493 male-

155 2556 277 2620 dictioni
301 2554 462 2620 obnoxiam
476 2553 668 2618 inducturum
683 2552 784 2617 fuisse.
818 2553 976 2619 Assentior
991 2557 1083 2640 igitur
1098 2553 1273 2618 Drecbslero

154 2682 277 2746 dicenti:
302 2679 403 2746 »occcb
426 2679 477 2744 der
492 2679 699 2766 BestImmung
712 2679 808 2745 Levi's
832 2701 901 2742 zum
915 2679 1167 2744 Priesterstamme
1191 2679 1273 2744 hiitte

154 2806 227 2871 Gen.
255 2805 367 2883 XLIX,
395 2804 414 2869 7
445 2805 651 2869 nimmermebr
679 2804 821 2870 ersunden
849 2805 971 2870 werden
999 2806 1139 2870 neonem
1175 2800 1275 2892 (apud

153 2932 366 2997 DeIitzschium
383 2930 455 2996 Gen.
471 2955 502 3018 p.
517 2926 605 3013 369).
640 2930 683 2996 At
705 2953 835 3017 quonam
858 2943 991 3019 tempore
1011 2931 1043 2996 id
1057 2930 1167 2995 Iactum
1181 2930 1274 2996 fuisse

152 3055 264 3146 putas?
286 3055 346 3121 Nec
369 3058 460 3144 hujus
483 3057 540 3120 Ioci
564 3078 617 3120 nec
638 3060 695 3120 mei
719 3057 833 3121 consilii
857 3070 934 3121 esset
951 3079 1011 3122 rem
1028 3080 1144 3123 omnem
1160 3082 1177 3124 a
1191 3062 1274 3148 priu-

154 3186 230 3270 eipio
255 3186 430 3248 examinare.
467 3181 563 3264 Quam
586 3181 758 3246 brevissime
780 3195 879 3249 tamen
901 3205 1049 3271 exponam
1072 3198 1216 3272 quantum
1234 3186 1274 3250 ad

152 3313 298 3374 canticum
321 3322 455 3373 nostrum
478 3311 624 3394 pertInere
640 3285 784 3372 videatur.
821 3307 855 3372 Si
871 3307 909 3372 ad
924 3305 1033 3372 bbrum
1048 3309 1273 3376 Deuteronomii

153 3449 328 3523 spectamus,
352 3435 466 3498 nullum
489 3433 645 3498 discrimen
659 3433 794 3499 videmus
817 3436 893 3496 inter
916 3431 1082 3497 sacerdotes
1107 3449 1137 3499 et
1159 3448 1271 3500 eeteros

151 3562 270 3629 Levites
294 3558 416 3643 (XVIII,
436 3555 543 3641 1-5).
584 3557 731 3624 Seriorem
753 3561 845 3646 igitur
868 3557 1105 3644 explanationem
1128 3558 1271 3624 babemus

152 3689 183 3749 in
217 3685 294 3749 libro
322 3683 521 3750 Numerorum
552 3680 679 3767 (XVIII,
703 3679 756 3765 2),
791 3681 844 3746 ubi
873 3705 981 3747 nomen
1009 3663 1062 3755 bib
1096 3683 1200 3750 Scriba
1229 3689 1271 3750 ita

151 3814 372 3897 interpretatur,
397 3823 431 3874 ut
453 3809 597 3897 significet
611 3809 728 3875 Levitae
752 3808 939 3874 sacerdotum
960 3813 1059 3875 socios
1075 3824 1104 3880 et
1118 3814 1270 3876 ministros

150 3935 253 4000 fuisse.
295 3934 329 3999 Si
351 3934 443 4000 libros
466 3934 649 4000 Iudaeorum
671 3935 830 3999 historicos
853 3939 1068 4023 percurrimus,
1092 3938 1206 4002 nullum
1227 3937 1270 4002 ibi

150 4074 320 4148 separatum
344 4059 530 4125 sacerdotum
555 4058 687 4126 ordinem
709 4064 885 4128 invenimus.
916 4061 1040 4127 Etiamsi
1055 4084 1271 4150 nonnunquam

148 4189 270 4254 Levitae
293 4187 417 4274 singulis
441 4184 613 4252 hominibus
634 4209 651 4250 a
666 4189 756 4252 sacris
772 4187 949 4252 assistebant
965 4184 1047 4271 (dud.
1058 4189 1151 4265 XVII,
1165 4187 1184 4252 5
1203 4211 1268 4276 sqq.

148 4313 279 4392 XXVII,
296 4309 369 4395 30),
393 4325 491 4378 tamen
513 4325 573 4378 tam
596 4315 705 4400 privati
728 4314 862 4379 homiues
888 4309 969 4396 (dud.
980 4313 1030 4391 VI,
1046 4312 1084 4378 17
1102 4336 1167 4400 sqq.
1190 4314 1267 4392 XIII,

151 4436 192 4504 19
206 4434 295 4526 sqq),
317 4461 406 4526 quem
420 4459 505 4526 reges
522 4433 553 4521 (I
568 4437 648 4507 Sam.
661 4438 729 4518 XV,
744 4438 797 4506 21.
821 4438 996 4517 tsam.V1‚
1013 4437 1062 4506 13.
1086 4439 1197 4517 XXIV,
1211 4436 1267 4523 25)
