3152 5160
615 321 826 428 *om-

161 531 334 594 stantissimi
362 527 525 606 duumviri,
556 529 668 594 Paulus
698 541 727 593 et
751 528 874 607 Petrus,
906 529 954 594 hic
983 529 1129 595 diluvium
1153 526 1277 606 Noaehi,

160 654 208 716 ille
231 653 372 719 Exodum
393 655 600 732 Israelitarum‚
625 667 731 741 typum
754 653 846 718 luisse
862 666 1017 732 testantur,
1042 657 1095 742 qui
1116 676 1279 722 sacramen·

160 779 248 846 talem
274 777 512 846 Christianorum
540 782 735 846 initiationem
763 779 1021 868 praesignificaret.
1069 779 1151 862 Quae
1181 792 1278 844 autem
1319 745 1322 755 Ι

161 926 230 974 curn
255 908 342 970 tertio
372 909 478 992 quovis
503 909 705 982 consentiunt,
735 928 769 970 ea
796 908 873 970 inter
902 927 932 970 se
956 907 1141 970 consentiant
1161 926 1278 970 necesse

160 1042 215 1094 est.
250 1030 340 1118 Ergo,
366 1033 391 1095 si
406 1031 480 1096 nibil
495 1030 586 1108 aliud,
611 1043 642 1094 at
655 1030 842 1096 necessitudo
863 998 1016 1118 quaedam,
1032 1031 1079 1094 his
1095 1029 1277 1106 auctoribus,

160 1159 238 1224 inter
259 1155 412 1222 Diluvium
442 1169 471 1222 et
492 1155 632 1220 Exodum
663 1159 835 1221 intercessit.
884 1155 966 1240 Quae
995 1156 1089 1242 qualis
1112 1154 1215 1230 fuerit,
1244 1167 1280 1218 ut

159 1284 381 1368 perspiciamus2
406 1281 642 1348 sacramentalem
665 1281 777 1346 Diluvii
801 1280 1044 1369 significationem
1066 1281 1167 1368 paullo
1190 1279 1278 1344 altius

159 1409 310 1473 mmomur.
348 1407 393 1472 Ac
414 1406 521 1472 Petrus
546 1405 663 1494 quidem
688 1402 719 1490 (1
736 1407 793 1494 llp.
808 1405 854 1484 lll,
873 1405 925 1485 20,
943 1401 998 1490 21)
1023 1408 1064 1470 sic
1086 1406 1220 1491 loquitur
1243 1403 1278 1468 de

160 1553 229 1596 arca
244 1531 373 1596 Noaohi:
397 1530 442 1606 είς
464 1531 503 1616 ἣν
520 1527 626 1612 ὀλίγαι
646 1528 819 1612 (roriconem
835 1525 931 1612 ὅιιτοί)
952 1533 1058 1620 ψυχαὶ
1074 1529 1279 1614 διεσώθησαν

162 1652 209 1720 δι’
224 1653 359 1732 ὕδατος,
389 1649 416 1744 ᾧ
445 1659 500 1718 καὶ
521 1652 603 1742 ἡμᾶς
631 1649 805 1723 ἀντίτυπον
834 1657 892 1721 νῦν
920 1655 1008 1752 σοίᾷι
1035 1655 1214 1740 βάπτισμα,
1239 1647 1279 1718 ori

161 1778 280 1867 σαρκὸς
309 1775 469 1856 ἀπόθεσις
497 1779 617 1866 ῥύπου,
645 1773 732 1845 ἀλλά
763 1780 971 1867 συνειδήσεως
1000 1776 1131 1865 ἀγαθῆς
1158 1773 1279 1862 ε’περιί-

161 1929 247 1991 τημα
261 1901 283 1985 ’1
307 1906 350 1980 είς
371 1904 454 1971 θεὸν
476 1901 519 1970 δι’
533 1901 737 1982 ἀναστάσεως
746 1903 849 1992 Ἰησοῦ
863 1905 1014 1988 Χριστοῦ.
1047 1905 1160 1970 Paulus
1182 1917 1279 1968 autem

162 2027 193 2115 (1
211 2029 280 2095 Cor.
297 2030 336 2108 X,
353 2027 384 2113 l)
401 2029 646 2098 sacramentalem
661 2032 761 2097 Exodi
776 2032 1019 2120 significationem
1034 2034 1075 2096 ita
1091 2028 1278 2117 comprobat:

163 2151 202 2220 οιί
218 2156 308 2220 θέλοι
325 2154 361 2220 δὲ
375 2152 459 2240 ὑμᾶς
474 2152 612 2238 ἀγνοεῖν,
633 2153 783 2244 ἀδελφοὶ,
803 2155 852 2222 ὅτε
866 2153 898 2220 οἳ
912 2159 1045 2243 πατέρες
1059 2153 1149 2242 ημῶν
1163 2153 1280 2232 πάντες

161 2276 225 2346 ὑπὸ
246 2276 304 2366 την
320 2279 460 2366 νεφέλην
475 2277 571 2368 η’σαν·
596 2287 649 2346 καὶ
664 2281 781 2358 πάντες
798 2278 853 2346 decl
869 2286 923 2368 τῆς
938 2282 1108 2366 θαλάσσης
1126 2280 1279 2366 διῆλθον·

162 2410 217 2471 καὶ
237 2404 355 2480 πάντες
378 2407 422 2480 εἰς
444 2401 502 2472 τὸν
517 2407 642 2493 Μωσῆν
657 2405 871 2491 ἐβαπτίσαντο
888 2405 922 2470 έν
937 2407 974 2498 τῇ
989 2405 1106 2496 νεφέλη
1123 2407 1178 2468 καὶ
1193 2403 1228 2468 ἓν
1244 2404 1281 2495 τῇ

161 2525 331 2620 θαλάσση·
363 2535 417 2598 καὶ
440 2527 558 2608 πάντες
586 2526 621 2596 τὸ
651 2526 731 2596 αὐτὰ
759 2531 874 2616 βρῶμα
901 2525 1116 2614 πνευματικὸν
1145 2527 1279 2615 ἔφαγον,

162 2661 216 2722 καί
239 2650 358 2732 πάντες
380 2652 416 2722 τὸ
441 2653 520 2722 αὐτὰ
544 2627 633 2742 πόμα
655 2651 874 2740 πνευματικὸν
897 2652 1003 2731 ἔτειον,
1028 2651 1139 2720 ἔπινον
1161 2651 1223 2740 γάρ
1246 2651 1280 2716 εἰι
1328 2667 1334 2675 ’

164 2767 379 2868 πνευματικῆς
402 2778 647 2868 ἀκολουθούσης
670 2785 796 2868 πέτρας,
819 2778 837 2866 ἢ
864 2780 900 2846 δὲ
923 2783 1024 2866 πέτρα
1045 2775 1084 2864 ἦν
1099 2777 1117 2842 ὁ
1133 2774 1282 2864 Χριστός.

163 2907 211 2972 Ex
239 2919 367 2995 utroque
396 2908 462 2972 loco
491 2920 588 2994 patet,
621 2930 727 2996 aquam
756 2907 868 2972 Diluvii
897 2919 925 2971 et
952 2906 1045 2972 Maris
1067 2905 1165 2972 Rubri
1191 2904 1281 2970 luisse

163 3032 300 3096 medicem
334 3044 423 3120 atque
457 3035 690 3098 instrumentum
721 3032 861 3120 baptismi
896 3032 1048 3109 salutaris3
1090 3030 1171 3097 Deus
1206 3033 1282 3094 enim

154 3152 240 3237 ¹(Tit.
256 3157 302 3234 Ill,
320 3153 353 3239 5)
378 3153 494 3224 ἔσωσεν
516 3155 600 3243 ἡμᾶς
625 3155 691 3222 διὰ
713 3157 848 3243 λουτροῦ
871 3156 1114 3238 παλιγγενεσίας
1130 3159 1185 3222 καὶ
1199 3151 1282 3219 ἀνα·

165 3276 346 3356 καινοίσετιις
361 3277 543 3365 πνεύματος
558 3279 660 3362 ἁγίου.
695 3283 821 3348 Fallitur
836 3297 933 3349 autem
944 3283 1131 3348 Wetstenius
1148 3277 1190 3371 (p.
1204 3277 1282 3358 692)

166 3409 218 3494 qui
240 3419 417 3494 potestatem
439 3410 668 3496 praepositionis
693 3402 747 3472 διὰ
772 3408 939 3496 ambiguam
962 3429 1026 3473 esse
1050 3406 1188 3483 affirmat,
1214 3409 1282 3493 quia

167 3535 216 3596 »in
241 3529 352 3597 diluvio
377 3537 485 3600 servati
509 3548 579 3600 sunt
602 3557 640 3600 ee
663 3538 757 3622 aquia,
782 3535 814 3596 in
830 3533 979 3619 baptismo
990 3556 1053 3619 per
1068 3553 1183 3618 aquam,
1209 3551 1283 3618 qnae

166 3657 270 3722 salutis
300 3661 417 3746 signum
440 3672 509 3725 est«
554 3658 629 3724 Nam
653 3682 729 3747 aqua
752 3658 892 3746 baptismi
914 3661 1026 3746 peccati
1048 3657 1151 3723 sordes
1175 3655 1282 3733 abluit3

166 3803 244 3870 aqua
267 3782 370 3848 diluvii
393 3787 540 3872 peccantis
569 3785 672 3850 mundi
696 3783 813 3862 sordes,
842 3789 862 3849 i.
888 3807 912 3850 e.
937 3785 1071 3850 homines
1100 3805 1239 3872 nequam,
1256 3793 1285 3844 et

241 3996 261 4064 ¹)
284 3995 341 4048 Ηοο
358 3995 509 4071 ἐπερώτημα
527 3995 557 4048 ad
577 3996 786 4067 baptizandorum
802 3997 1045 4051 abrenuntiationem
1059 3996 1183 4066 pertinere
1196 4000 1285 4064 postea

166 4101 309 4157 videbimus
328 4101 407 4168 (Part.
422 4103 467 4166 Ν,
488 4111 621 4157 comment.
639 4103 671 4156 ad
687 4103 729 4158 Fr.
742 4102 783 4172 l.).
820 4103 892 4157 Hanc
911 4103 1154 4157 abrenuntiationem
1174 4118 1206 4154 cx
1224 4117 1285 4152 oon·

166 4209 225 4264 silio
251 4211 393 4280 primitivae
416 4209 535 4266 ecclesiae
560 4211 589 4264 ad
616 4211 794 4283 Aegyptiarum
823 4211 994 4280 captivitatem
1022 4209 1127 4274 referre,
1157 4216 1226 4280 patet
1255 4223 1286 4261 ox

165 4317 286 4373 cimbros.
306 4318 413 4375 Horam.
432 4317 453 4384 1,
471 4335 492 4374 c.
505 4316 530 4372 4.
558 4317 735 4389 »Derelinquit
754 4319 820 4372 enim
840 4326 864 4374 et
885 4318 980 4374 deserit
998 4318 1042 4388 qui
1061 4315 1173 4370 abluitur
1191 4313 1286 4372 intelli·

165 4424 270 4497 gibilem
290 4425 362 4480 illum
382 4425 491 4494 Pharao,
509 4427 647 4498 prinoipem
666 4427 742 4481 istius
761 4425 870 4480 mundi·
