<?xml version="1.0" encoding="UTF-8"?>
<!DOCTYPE html PUBLIC "-//W3C//DTD XHTML 1.0 Transitional//EN"
    "http://www.w3.org/TR/xhtml1/DTD/xhtml1-transitional.dtd">
<html xmlns="http://www.w3.org/1999/xhtml" xml:lang="en" lang="en">
 <head>
  <title>
</title>
<meta http-equiv="Content-Type" content="text/html;charset=utf-8" />
  <meta name='ocr-system' content='tesseract 3.04.00' />
  <meta name='ocr-capabilities' content='ocr_page ocr_carea ocr_par ocr_line ocrx_word'/>
</head>
<body>
  <div class='ocr_page' id='page_1' title='image "./jasharfragmenta00donagoog_0160.png"; bbox 0 0 3152 5160; ppageno 0'>
   <div class='ocr_carea' id='block_1_1' title="bbox 693 347 767 422">
    <p class='ocr_par' dir='ltr' id='par_1_1' title="bbox 693 347 767 422">
     <span class='ocr_line' id='line_1_1' title="bbox 693 347 767 422; baseline 0 0"><span class='ocrx_word' id='word_1_1' title='bbox 693 347 767 422; x_wconf 83' lang='lat' dir='ltr'><strong>tta</strong></span> 
     </span>
    </p>
   </div>
   <div class='ocr_carea' id='block_1_2' title="bbox 157 559 1285 2650">
    <p class='ocr_par' dir='ltr' id='par_1_2' title="bbox 157 559 1285 2650">
     <span class='ocr_line' id='line_1_2' title="bbox 164 559 1285 651; baseline 0.004 -27"><span class='ocrx_word' id='word_1_2' title='bbox 164 562 331 624; x_wconf 90' lang='lat' dir='ltr'><strong>meminerit</strong></span> <span class='ocrx_word' id='word_1_3' title='bbox 358 563 399 636; x_wconf 92' lang='lat' dir='ltr'><strong>is,</strong></span> <span class='ocrx_word' id='word_1_4' title='bbox 431 559 531 636; x_wconf 89' lang='lat' dir='ltr'><strong>velim,</strong></span> <span class='ocrx_word' id='word_1_5' title='bbox 562 559 672 624; x_wconf 90' lang='lat' dir='ltr'><strong>nullam</strong></span> <span class='ocrx_word' id='word_1_6' title='bbox 696 581 760 624; x_wconf 90' lang='lat' dir='ltr'><strong>csse</strong></span> <span class='ocrx_word' id='word_1_7' title='bbox 783 559 864 647; x_wconf 90' lang='lat' dir='ltr'><strong>apud</strong></span> <span class='ocrx_word' id='word_1_8' title='bbox 887 561 982 628; x_wconf 88' lang='lat' dir='ltr'><strong>Deum</strong></span> <span class='ocrx_word' id='word_1_9' title='bbox 1004 561 1285 651; x_wconf 76' lang='grc' dir='ltr'><strong><em>προσαποληψίαν</em></strong></span> 
     </span>
     <span class='ocr_line' id='line_1_3' title="bbox 166 679 1284 776; baseline 0.002 -26"><span class='ocrx_word' id='word_1_10' title='bbox 166 680 266 766; x_wconf 88' lang='lat' dir='ltr'><strong>(Rom.</strong></span> <span class='ocrx_word' id='word_1_11' title='bbox 282 685 321 761; x_wconf 85' lang='lat' dir='ltr'><strong>ll,</strong></span> <span class='ocrx_word' id='word_1_12' title='bbox 342 679 406 766; x_wconf 84' lang='lat' dir='ltr'><strong>ll),</strong></span> <span class='ocrx_word' id='word_1_13' title='bbox 430 697 460 748; x_wconf 92' lang='lat' dir='ltr'><strong>et</strong></span> <span class='ocrx_word' id='word_1_14' title='bbox 482 685 634 749; x_wconf 89' lang='lat' dir='ltr'><strong>oraculum</strong></span> <span class='ocrx_word' id='word_1_15' title='bbox 649 683 797 749; x_wconf 75' lang='lat' dir='ltr'>Rebeccae</span> <span class='ocrx_word' id='word_1_16' title='bbox 820 685 937 762; x_wconf 91' lang='lat' dir='ltr'><strong>datum,</strong></span> <span class='ocrx_word' id='word_1_17' title='bbox 961 685 994 750; x_wconf 95' lang='lat' dir='ltr'><strong>id</strong></span> <span class='ocrx_word' id='word_1_18' title='bbox 1008 687 1091 774; x_wconf 88' lang='lat' dir='ltr'><strong>quod</strong></span> <span class='ocrx_word' id='word_1_19' title='bbox 1107 687 1196 753; x_wconf 90' lang='lat' dir='ltr'><strong>verha</strong></span> <span class='ocrx_word' id='word_1_20' title='bbox 1218 693 1284 776; x_wconf 91' lang='lat' dir='ltr'><strong>ipsa</strong></span> 
     </span>
     <span class='ocr_line' id='line_1_4' title="bbox 165 774 1283 897; baseline 0.004 -23"><span class='ocrx_word' id='word_1_21' title='bbox 165 809 328 886; x_wconf 90' lang='lat' dir='ltr'><strong>declarant,</strong></span> <span class='ocrx_word' id='word_1_22' title='bbox 352 774 415 874; x_wconf 83' lang='lat' dir='ltr'><strong>non</strong></span> <span class='ocrx_word' id='word_1_23' title='bbox 438 809 476 874; x_wconf 90' lang='lat' dir='ltr'><strong>ad</strong></span> <span class='ocrx_word' id='word_1_24' title='bbox 497 831 656 897; x_wconf 89' lang='lat' dir='ltr'><strong>personam</strong></span> <span class='ocrx_word' id='word_1_25' title='bbox 670 808 773 874; x_wconf 88' lang='lat' dir='ltr'><strong>Jacohi</strong></span> <span class='ocrx_word' id='word_1_26' title='bbox 796 813 956 897; x_wconf 87' lang='lat' dir='ltr'><strong>pertinere,</strong></span> <span class='ocrx_word' id='word_1_27' title='bbox 982 810 1035 876; x_wconf 90' lang='lat' dir='ltr'><strong>sed</strong></span> <span class='ocrx_word' id='word_1_28' title='bbox 1057 811 1095 875; x_wconf 93' lang='lat' dir='ltr'><strong>ad</strong></span> <span class='ocrx_word' id='word_1_29' title='bbox 1116 827 1283 879; x_wconf 86' lang='lat' dir='ltr'><strong>nascentem</strong></span> 
     </span>
     <span class='ocr_line' id='line_1_5' title="bbox 163 934 1281 1026; baseline 0.005 -29"><span class='ocrx_word' id='word_1_30' title='bbox 163 934 243 998; x_wconf 93' lang='lat' dir='ltr'><strong>illam</strong></span> <span class='ocrx_word' id='word_1_31' title='bbox 266 936 429 1013; x_wconf 90' lang='lat' dir='ltr'><strong>ecclesiam,</strong></span> <span class='ocrx_word' id='word_1_32' title='bbox 455 957 531 1024; x_wconf 90' lang='lat' dir='ltr'><strong>quae</strong></span> <span class='ocrx_word' id='word_1_33' title='bbox 546 956 645 999; x_wconf 86' lang='lat' dir='ltr'><strong>veram</strong></span> <span class='ocrx_word' id='word_1_34' title='bbox 667 935 850 1022; x_wconf 82' lang='lat' dir='ltr'>relligionem</span> <span class='ocrx_word' id='word_1_35' title='bbox 872 948 1006 1000; x_wconf 88' lang='lat' dir='ltr'><strong>tueretur</strong></span> <span class='ocrx_word' id='word_1_36' title='bbox 1026 949 1056 1002; x_wconf 90' lang='lat' dir='ltr'><strong>et</strong></span> <span class='ocrx_word' id='word_1_37' title='bbox 1069 938 1281 1026; x_wconf 77' lang='lat' dir='ltr'><strong>promulgaret,</strong></span> 
     </span>
     <span class='ocr_line' id='line_1_6' title="bbox 163 1059 1280 1148; baseline 0.001 -20"><span class='ocrx_word' id='word_1_38' title='bbox 163 1062 250 1148; x_wconf 89' lang='lat' dir='ltr'><strong>eujus</strong></span> <span class='ocrx_word' id='word_1_39' title='bbox 273 1073 371 1126; x_wconf 90' lang='lat' dir='ltr'><strong>autem</strong></span> <span class='ocrx_word' id='word_1_40' title='bbox 394 1060 552 1148; x_wconf 72' lang='lat' dir='ltr'>descriptio</span> <span class='ocrx_word' id='word_1_41' title='bbox 576 1064 607 1124; x_wconf 92' lang='lat' dir='ltr'><strong>in</strong></span> <span class='ocrx_word' id='word_1_42' title='bbox 630 1063 749 1126; x_wconf 88' lang='lat' dir='ltr'><strong>nomine</strong></span> <span class='ocrx_word' id='word_1_43' title='bbox 765 1059 888 1144; x_wconf 80' lang='lat' dir='ltr'><strong>Iera-el,</strong></span> <span class='ocrx_word' id='word_1_44' title='bbox 912 1073 1017 1148; x_wconf 90' lang='lat' dir='ltr'><strong>postea</strong></span> <span class='ocrx_word' id='word_1_45' title='bbox 1038 1061 1151 1127; x_wconf 89' lang='lat' dir='ltr'><strong>Jacoho</strong></span> <span class='ocrx_word' id='word_1_46' title='bbox 1174 1063 1280 1142; x_wconf 88' lang='lat' dir='ltr'><strong>indito,</strong></span> 
     </span>
     <span class='ocr_line' id='line_1_7' title="bbox 162 1184 1282 1274; baseline 0.004 -25"><span class='ocrx_word' id='word_1_47' title='bbox 162 1184 301 1250; x_wconf 88' lang='lat' dir='ltr'><strong>videatur</strong></span> <span class='ocrx_word' id='word_1_48' title='bbox 328 1187 426 1250; x_wconf 88' lang='lat' dir='ltr'><strong>latere.</strong></span> <span class='ocrx_word' id='word_1_49' title='bbox 471 1186 505 1250; x_wconf 92' lang='lat' dir='ltr'><strong>ln</strong></span> <span class='ocrx_word' id='word_1_50' title='bbox 527 1184 640 1250; x_wconf 89' lang='lat' dir='ltr'><strong>Jacoho</strong></span> <span class='ocrx_word' id='word_1_51' title='bbox 672 1189 749 1250; x_wconf 91' lang='lat' dir='ltr'><strong>enim</strong></span> <span class='ocrx_word' id='word_1_52' title='bbox 771 1185 852 1250; x_wconf 88' lang='lat' dir='ltr'><strong>Dens</strong></span> <span class='ocrx_word' id='word_1_53' title='bbox 881 1186 1008 1274; x_wconf 78' lang='lat' dir='ltr'>elegerat</span> <span class='ocrx_word' id='word_1_54' title='bbox 1030 1199 1060 1252; x_wconf 91' lang='lat' dir='ltr'><strong>ct</strong></span> <span class='ocrx_word' id='word_1_55' title='bbox 1080 1187 1282 1274; x_wconf 89' lang='lat' dir='ltr'><strong>praedestina·</strong></span> 
     </span>
     <span class='ocr_line' id='line_1_8' title="bbox 160 1311 1280 1401; baseline 0.004 -27"><span class='ocrx_word' id='word_1_56' title='bbox 160 1324 247 1376; x_wconf 83' lang='lat' dir='ltr'><strong>verat</strong></span> <span class='ocrx_word' id='word_1_57' title='bbox 276 1333 377 1376; x_wconf 90' lang='lat' dir='ltr'><strong>omnes</strong></span> <span class='ocrx_word' id='word_1_58' title='bbox 407 1334 473 1388; x_wconf 90' lang='lat' dir='ltr'><strong>eos,</strong></span> <span class='ocrx_word' id='word_1_59' title='bbox 504 1311 613 1400; x_wconf 89' lang='lat' dir='ltr'><strong>quihus</strong></span> <span class='ocrx_word' id='word_1_60' title='bbox 641 1314 717 1376; x_wconf 90' lang='lat' dir='ltr'><strong>ratio</strong></span> <span class='ocrx_word' id='word_1_61' title='bbox 746 1315 851 1376; x_wconf 90' lang='lat' dir='ltr'><strong>aevia</strong></span> <span class='ocrx_word' id='word_1_62' title='bbox 877 1313 1100 1400; x_wconf 90' lang='lat' dir='ltr'><strong>consequendae</strong></span> <span class='ocrx_word' id='word_1_63' title='bbox 1122 1313 1280 1401; x_wconf 82' lang='lat' dir='ltr'><strong>probitatis</strong></span> 
     </span>
     <span class='ocr_line' id='line_1_9' title="bbox 160 1437 1281 1525; baseline 0.003 -23"><span class='ocrx_word' id='word_1_64' title='bbox 160 1437 372 1514; x_wconf 78' lang='lat' dir='ltr'><strong>innotesceret,</strong></span> <span class='ocrx_word' id='word_1_65' title='bbox 403 1440 445 1501; x_wconf 92' lang='lat' dir='ltr'><strong>ita</strong></span> <span class='ocrx_word' id='word_1_66' title='bbox 470 1450 505 1502; x_wconf 95' lang='lat' dir='ltr'><strong>ut</strong></span> <span class='ocrx_word' id='word_1_67' title='bbox 526 1459 580 1524; x_wconf 88' lang='lat' dir='ltr'><strong>per</strong></span> <span class='ocrx_word' id='word_1_68' title='bbox 602 1459 705 1502; x_wconf 87' lang='lat' dir='ltr'><strong>eorum</strong></span> <span class='ocrx_word' id='word_1_69' title='bbox 728 1439 922 1502; x_wconf 90' lang='lat' dir='ltr'><strong>ministerium</strong></span> <span class='ocrx_word' id='word_1_70' title='bbox 944 1451 1034 1525; x_wconf 86' lang='lat' dir='ltr'><strong>porta</strong></span> <span class='ocrx_word' id='word_1_71' title='bbox 1056 1442 1219 1525; x_wconf 87' lang='lat' dir='ltr'><strong>aperiretur</strong></span> <span class='ocrx_word' id='word_1_72' title='bbox 1242 1441 1281 1505; x_wconf 92' lang='lat' dir='ltr'><strong>ad</strong></span> 
     </span>
     <span class='ocr_line' id='line_1_10' title="bbox 160 1561 1278 1651; baseline 0.002 -24"><span class='ocrx_word' id='word_1_73' title='bbox 160 1561 314 1627; x_wconf 87' lang='lat' dir='ltr'><strong>occlusum</strong></span> <span class='ocrx_word' id='word_1_74' title='bbox 331 1562 446 1628; x_wconf 75' lang='lat' dir='ltr'><strong>&#39;Edonis</strong></span> <span class='ocrx_word' id='word_1_75' title='bbox 475 1561 612 1640; x_wconf 91' lang='lat' dir='ltr'><strong>hortum,</strong></span> <span class='ocrx_word' id='word_1_76' title='bbox 641 1575 676 1627; x_wconf 92' lang='lat' dir='ltr'><strong>ut</strong></span> <span class='ocrx_word' id='word_1_77' title='bbox 704 1562 794 1627; x_wconf 92' lang='lat' dir='ltr'><strong>homo</strong></span> <span class='ocrx_word' id='word_1_78' title='bbox 823 1567 930 1627; x_wconf 84' lang='lat' dir='ltr'><strong>iterum</strong></span> <span class='ocrx_word' id='word_1_79' title='bbox 958 1563 1057 1640; x_wconf 88' lang='lat' dir='ltr'><strong>fieret,</strong></span> <span class='ocrx_word' id='word_1_80' title='bbox 1087 1563 1171 1651; x_wconf 86' lang='lat' dir='ltr'><strong>quod</strong></span> <span class='ocrx_word' id='word_1_81' title='bbox 1193 1567 1278 1630; x_wconf 92' lang='lat' dir='ltr'><strong>initio</strong></span> 
     </span>
     <span class='ocr_line' id='line_1_11' title="bbox 159 1683 1278 1792; baseline 0.001 -39"><span class='ocrx_word' id='word_1_82' title='bbox 159 1686 256 1753; x_wconf 80' lang='lat' dir='ltr'><strong>lactus</strong></span> <span class='ocrx_word' id='word_1_83' title='bbox 280 1700 357 1764; x_wconf 90' lang='lat' dir='ltr'><strong>erat,</strong></span> <span class='ocrx_word' id='word_1_84' title='bbox 376 1689 496 1774; x_wconf 84' lang='lat' dir='ltr'><strong>produc</strong></span> <span class='ocrx_word' id='word_1_85' title='bbox 518 1683 644 1792; x_wconf 50' lang='grc' dir='ltr'><strong>(Ἶῐζλζ),</strong></span> <span class='ocrx_word' id='word_1_86' title='bbox 675 1700 704 1752; x_wconf 90' lang='lat' dir='ltr'><strong>et</strong></span> <span class='ocrx_word' id='word_1_87' title='bbox 727 1686 765 1751; x_wconf 92' lang='lat' dir='ltr'><strong>ad</strong></span> <span class='ocrx_word' id='word_1_88' title='bbox 788 1687 917 1752; x_wconf 85' lang='lat' dir='ltr'><strong>divinam</strong></span> <span class='ocrx_word' id='word_1_89' title='bbox 940 1691 1096 1775; x_wconf 79' lang='lat' dir='ltr'><strong>imaginem</strong></span> <span class='ocrx_word' id='word_1_90' title='bbox 1119 1687 1278 1754; x_wconf 80' lang='lat' dir='ltr'><strong>conformis</strong></span> 
     </span>
     <span class='ocr_line' id='line_1_12' title="bbox 158 1811 1279 1902; baseline 0.004 -26"><span class='ocrx_word' id='word_1_91' title='bbox 158 1815 190 1876; x_wconf 90' lang='lat' dir='ltr'><strong>in</strong></span> <span class='ocrx_word' id='word_1_92' title='bbox 218 1811 308 1876; x_wconf 90' lang='lat' dir='ltr'><strong>bonis</strong></span> <span class='ocrx_word' id='word_1_93' title='bbox 337 1812 477 1900; x_wconf 90' lang='lat' dir='ltr'><strong>operibus</strong></span> <span class='ocrx_word' id='word_1_94' title='bbox 507 1825 605 1877; x_wconf 90' lang='lat' dir='ltr'><strong>sancte</strong></span> <span class='ocrx_word' id='word_1_95' title='bbox 635 1811 807 1878; x_wconf 89' lang='lat' dir='ltr'><strong>ambularet.</strong></span> <span class='ocrx_word' id='word_1_96' title='bbox 855 1811 995 1878; x_wconf 87' lang='lat' dir='ltr'><strong>Similiter</strong></span> <span class='ocrx_word' id='word_1_97' title='bbox 1017 1813 1183 1901; x_wconf 78' lang='lat' dir='ltr'><strong>Apostolus</strong></span> <span class='ocrx_word' id='word_1_98' title='bbox 1206 1837 1279 1902; x_wconf 90' lang='lat' dir='ltr'><strong>pro·</strong></span> 
     </span>
     <span class='ocr_line' id='line_1_13' title="bbox 159 1933 1278 2028; baseline 0.004 -26"><span class='ocrx_word' id='word_1_99' title='bbox 159 1937 267 2002; x_wconf 91' lang='lat' dir='ltr'><strong>clamat</strong></span> <span class='ocrx_word' id='word_1_100' title='bbox 285 1933 374 2026; x_wconf 83' lang='lat' dir='ltr'><strong>OEph.</strong></span> <span class='ocrx_word' id='word_1_101' title='bbox 390 1939 418 2016; x_wconf 91' lang='grc' dir='ltr'><strong>Ι,</strong></span> <span class='ocrx_word' id='word_1_102' title='bbox 435 1933 553 2027; x_wconf 83' lang='lat' dir='ltr'><strong>tsqq.)</strong></span> <span class='ocrx_word' id='word_1_103' title='bbox 576 1937 671 2002; x_wconf 90' lang='lat' dir='ltr'><strong>Deum</strong></span> <span class='ocrx_word' id='word_1_104' title='bbox 695 1937 817 2028; x_wconf 83' lang='lat' dir='ltr'><strong>elegisse</strong></span> <span class='ocrx_word' id='word_1_105' title='bbox 839 1959 895 2002; x_wconf 92' lang='lat' dir='ltr'><strong>nos</strong></span> <span class='ocrx_word' id='word_1_106' title='bbox 918 1961 1021 2010; x_wconf 68' lang='lat' dir='ltr'><strong>,omues</strong></span> <span class='ocrx_word' id='word_1_107' title='bbox 1037 1936 1224 2005; x_wconf 83' lang='lat' dir='ltr'><strong>Christianos</strong></span> <span class='ocrx_word' id='word_1_108' title='bbox 1247 1944 1278 2006; x_wconf 90' lang='lat' dir='ltr'><strong>iu</strong></span> 
     </span>
     <span class='ocr_line' id='line_1_14' title="bbox 160 2061 1276 2153; baseline 0.003 -25"><span class='ocrx_word' id='word_1_109' title='bbox 160 2061 282 2128; x_wconf 87' lang='lat' dir='ltr'><strong>Christo</strong></span> <span class='ocrx_word' id='word_1_110' title='bbox 306 2077 372 2129; x_wconf 90' lang='lat' dir='ltr'><strong>ante</strong></span> <span class='ocrx_word' id='word_1_111' title='bbox 391 2064 472 2150; x_wconf 83' lang='lat' dir='ltr'><strong>jacta</strong></span> <span class='ocrx_word' id='word_1_112' title='bbox 494 2063 598 2129; x_wconf 92' lang='lat' dir='ltr'><strong>muudi</strong></span> <span class='ocrx_word' id='word_1_113' title='bbox 618 2062 825 2142; x_wconf 85' lang='lat' dir='ltr'><strong>fundamenta,</strong></span> <span class='ocrx_word' id='word_1_114' title='bbox 851 2067 921 2153; x_wconf 92' lang='lat' dir='ltr'><strong>quia</strong></span> <span class='ocrx_word' id='word_1_115' title='bbox 937 2065 1023 2130; x_wconf 85' lang='lat' dir='ltr'><strong>vellet</strong></span> <span class='ocrx_word' id='word_1_116' title='bbox 1045 2068 1145 2136; x_wconf 84' lang='lat' dir='ltr'><strong>omnia</strong></span> <span class='ocrx_word' id='word_1_117' title='bbox 1166 2068 1198 2130; x_wconf 94' lang='lat' dir='ltr'><strong>in</strong></span> <span class='ocrx_word' id='word_1_118' title='bbox 1215 2065 1276 2132; x_wconf 87' lang='lat' dir='ltr'><strong>filio</strong></span> 
     </span>
     <span class='ocr_line' id='line_1_15' title="bbox 159 2191 1277 2278; baseline 0.004 -26"><span class='ocrx_word' id='word_1_119' title='bbox 159 2210 214 2252; x_wconf 89' lang='lat' dir='ltr'><strong>suo</strong></span> <span class='ocrx_word' id='word_1_120' title='bbox 238 2191 421 2269; x_wconf 86' lang='lat' dir='ltr'><strong>instaurare3</strong></span> <span class='ocrx_word' id='word_1_121' title='bbox 443 2211 499 2254; x_wconf 92' lang='lat' dir='ltr'><strong>nos</strong></span> <span class='ocrx_word' id='word_1_122' title='bbox 523 2202 621 2254; x_wconf 84' lang='lat' dir='ltr'><strong>autem</strong></span> <span class='ocrx_word' id='word_1_123' title='bbox 636 2203 758 2255; x_wconf 84' lang='lat' dir='ltr'><strong>vocatos</strong></span> <span class='ocrx_word' id='word_1_124' title='bbox 781 2211 845 2254; x_wconf 89' lang='lat' dir='ltr'><strong>esse</strong></span> <span class='ocrx_word' id='word_1_125' title='bbox 867 2203 898 2254; x_wconf 91' lang='lat' dir='ltr'><strong>et</strong></span> <span class='ocrx_word' id='word_1_126' title='bbox 918 2191 1155 2278; x_wconf 87' lang='lat' dir='ltr'><strong>praedestinatos</strong></span> <span class='ocrx_word' id='word_1_127' title='bbox 1173 2213 1277 2256; x_wconf 90' lang='lat' dir='ltr'><strong>secun-</strong></span> 
     </span>
     <span class='ocr_line' id='line_1_16' title="bbox 159 2312 1276 2403; baseline 0.004 -26"><span class='ocrx_word' id='word_1_128' title='bbox 159 2312 228 2377; x_wconf 89' lang='lat' dir='ltr'><strong>dum</strong></span> <span class='ocrx_word' id='word_1_129' title='bbox 257 2315 321 2400; x_wconf 89' lang='lat' dir='ltr'><strong>ejus</strong></span> <span class='ocrx_word' id='word_1_130' title='bbox 348 2317 553 2402; x_wconf 90' lang='lat' dir='ltr'><strong>propositum,</strong></span> <span class='ocrx_word' id='word_1_131' title='bbox 582 2318 634 2403; x_wconf 86' lang='lat' dir='ltr'><strong>qui</strong></span> <span class='ocrx_word' id='word_1_132' title='bbox 658 2319 756 2380; x_wconf 92' lang='lat' dir='ltr'><strong>omnia</strong></span> <span class='ocrx_word' id='word_1_133' title='bbox 779 2327 921 2402; x_wconf 87' lang='lat' dir='ltr'><strong>operetur</strong></span> <span class='ocrx_word' id='word_1_134' title='bbox 940 2337 997 2400; x_wconf 91' lang='lat' dir='ltr'><strong>pro</strong></span> <span class='ocrx_word' id='word_1_135' title='bbox 1021 2337 1091 2381; x_wconf 89' lang='lat' dir='ltr'><strong>suae</strong></span> <span class='ocrx_word' id='word_1_136' title='bbox 1114 2317 1276 2382; x_wconf 82' lang='lat' dir='ltr'><strong>voluntatis</strong></span> 
     </span>
     <span class='ocr_line' id='line_1_17' title="bbox 158 2432 1276 2526; baseline 0.002 -24"><span class='ocrx_word' id='word_1_137' title='bbox 158 2439 282 2503; x_wconf 89' lang='lat' dir='ltr'><strong>consilio</strong></span> <span class='ocrx_word' id='word_1_138' title='bbox 307 2436 495 2519; x_wconf 69' lang='grc' dir='ltr'><strong><em>(ἐξελέξατο</em></strong></span> <span class='ocrx_word' id='word_1_139' title='bbox 518 2436 600 2524; x_wconf 74' lang='grc' dir='ltr'><strong><em>ἡμᾶς</em></strong></span> <span class='ocrx_word' id='word_1_140' title='bbox 623 2438 659 2504; x_wconf 77' lang='grc' dir='ltr'><strong>ἐν</strong></span> <span class='ocrx_word' id='word_1_141' title='bbox 681 2435 771 2526; x_wconf 67' lang='grc' dir='ltr'><strong><em>αὐτῷ</em></strong></span> <span class='ocrx_word' id='word_1_142' title='bbox 793 2432 856 2524; x_wconf 78' lang='grc' dir='ltr'><strong>πρὸ</strong></span> <span class='ocrx_word' id='word_1_143' title='bbox 879 2438 1061 2524; x_wconf 76' lang='grc' dir='ltr'><strong><em>καταβολῆς</em></strong></span> <span class='ocrx_word' id='word_1_144' title='bbox 1081 2437 1211 2522; x_wconf 79' lang='grc' dir='ltr'><strong><em>κόσμου,</em></strong></span> <span class='ocrx_word' id='word_1_145' title='bbox 1232 2474 1276 2489; x_wconf 88' lang='grc'><strong>-</strong></span> 
     </span>
     <span class='ocr_line' id='line_1_18' title="bbox 157 2557 1276 2650; baseline 0.003 -22"><span class='ocrx_word' id='word_1_146' title='bbox 157 2557 240 2628; x_wconf 75' lang='grc' dir='ltr'><strong><em>κατὰ</em></strong></span> <span class='ocrx_word' id='word_1_147' title='bbox 264 2559 416 2630; x_wconf 69' lang='lat' dir='ltr'><strong>educatae</strong></span> <span class='ocrx_word' id='word_1_148' title='bbox 438 2563 479 2650; x_wconf 78' lang='grc' dir='ltr'><strong>ἢν</strong></span> <span class='ocrx_word' id='word_1_149' title='bbox 501 2565 661 2649; x_wconf 72' lang='grc' dir='ltr'><strong><em>προέθετο</em></strong></span> <span class='ocrx_word' id='word_1_150' title='bbox 685 2559 1047 2650; x_wconf 71' lang='grc' dir='ltr'><strong><em>ἀνακεφαλαιώσασθαι</em></strong></span> <span class='ocrx_word' id='word_1_151' title='bbox 1060 2557 1101 2627; x_wconf 81' lang='lat' dir='ltr'><strong>ael</strong></span> <span class='ocrx_word' id='word_1_152' title='bbox 1117 2561 1225 2630; x_wconf 75' lang='grc' dir='ltr'><strong><em>κιόντα</em></strong></span> <span class='ocrx_word' id='word_1_153' title='bbox 1240 2564 1276 2631; x_wconf 69' lang='grc' dir='ltr'><strong>ἓν</strong></span> 
     </span>
    </p>
   </div>
   <div class='ocr_carea' id='block_1_3' title="bbox 157 2681 1276 2792">
    <p class='ocr_par' dir='ltr' id='par_1_3' title="bbox 157 2681 1276 2792">
     <span class='ocr_line' id='line_1_19' title="bbox 157 2681 1276 2792; baseline 0.001 -38"><span class='ocrx_word' id='word_1_154' title='bbox 157 2687 287 2776; x_wconf 77' lang='grc' dir='ltr'><strong><em>Χριστῷ</em></strong></span> <span class='ocrx_word' id='word_1_155' title='bbox 306 2728 341 2740; x_wconf 93' lang='grc'><strong>-</strong></span> <span class='ocrx_word' id='word_1_156' title='bbox 360 2687 396 2754; x_wconf 64' lang='grc' dir='ltr'><strong>ἓν</strong></span> <span class='ocrx_word' id='word_1_157' title='bbox 419 2681 446 2776; x_wconf 74' lang='grc' dir='ltr'><em>ᾦ</em></span> <span class='ocrx_word' id='word_1_158' title='bbox 468 2686 652 2792; x_wconf 56' lang='grc' dir='ltr'><strong><em>λκλρθημεν</em></strong></span> <span class='ocrx_word' id='word_1_159' title='bbox 673 2690 924 2775; x_wconf 73' lang='grc' dir='ltr'><strong><em>προορισθέντες</em></strong></span> <span class='ocrx_word' id='word_1_160' title='bbox 945 2684 1029 2752; x_wconf 79' lang='grc' dir='ltr'><strong><em>κατοὶ</em></strong></span> <span class='ocrx_word' id='word_1_161' title='bbox 1044 2685 1204 2775; x_wconf 83' lang='grc' dir='ltr'><strong><em>πρόθεσιν</em></strong></span> <span class='ocrx_word' id='word_1_162' title='bbox 1217 2689 1276 2755; x_wconf 75' lang='grc' dir='ltr'><strong>τοῦ</strong></span> 
     </span>
    </p>
   </div>
   <div class='ocr_carea' id='block_1_4' title="bbox 156 2808 1274 2916">
    <p class='ocr_par' dir='ltr' id='par_1_4' title="bbox 156 2808 1274 2916">
     <span class='ocr_line' id='line_1_20' title="bbox 156 2808 1274 2916; baseline 0.002 -38"><span class='ocrx_word' id='word_1_163' title='bbox 156 2810 198 2878; x_wconf 78' lang='grc' dir='ltr'><strong>τοὶ</strong></span> <span class='ocrx_word' id='word_1_164' title='bbox 220 2813 330 2879; x_wconf 75' lang='grc' dir='ltr'><strong><em>πάντα</em></strong></span> <span class='ocrx_word' id='word_1_165' title='bbox 343 2811 548 2902; x_wconf 63' lang='grc' dir='ltr'><strong><em>ἐνεργοῦντος</em></strong></span> <span class='ocrx_word' id='word_1_166' title='bbox 562 2809 646 2878; x_wconf 78' lang='grc' dir='ltr'><strong><em>κατὰ</em></strong></span> <span class='ocrx_word' id='word_1_167' title='bbox 662 2808 721 2900; x_wconf 70' lang='grc' dir='ltr'><strong>τὴν</strong></span> <span class='ocrx_word' id='word_1_168' title='bbox 734 2809 858 2900; x_wconf 68' lang='grc' dir='ltr'><strong><em>βουλὴν</em></strong></span> <span class='ocrx_word' id='word_1_169' title='bbox 873 2814 932 2880; x_wconf 80' lang='grc' dir='ltr'><strong>τοῦ</strong></span> <span class='ocrx_word' id='word_1_170' title='bbox 946 2812 1134 2900; x_wconf 79' lang='grc' dir='ltr'><strong><em>θελήματος</em></strong></span> <span class='ocrx_word' id='word_1_171' title='bbox 1148 2810 1274 2916; x_wconf 71' lang='grc' dir='ltr'><strong><em>αὐτοῦ).</em></strong></span> 
     </span>
    </p>
   </div>
   <div class='ocr_carea' id='block_1_5' title="bbox 157 2931 1385 3028">
    <p class='ocr_par' dir='ltr' id='par_1_5' title="bbox 157 2931 1385 3028">
     <span class='ocr_line' id='line_1_21' title="bbox 157 2931 1385 3028; baseline 0.002 -24"><span class='ocrx_word' id='word_1_172' title='bbox 157 2938 257 3023; x_wconf 79' lang='lat' dir='ltr'><strong>Quum</strong></span> <span class='ocrx_word' id='word_1_173' title='bbox 279 2942 371 3028; x_wconf 83' lang='lat' dir='ltr'><strong>igitur</strong></span> <span class='ocrx_word' id='word_1_174' title='bbox 394 2939 451 3004; x_wconf 88' lang='lat' dir='ltr'><strong>alio</strong></span> <span class='ocrx_word' id='word_1_175' title='bbox 475 2938 541 3004; x_wconf 90' lang='lat' dir='ltr'><strong>loco</strong></span> <span class='ocrx_word' id='word_1_176' title='bbox 565 2939 693 3005; x_wconf 86' lang='lat' dir='ltr'><strong>affirmet</strong></span> <span class='ocrx_word' id='word_1_177' title='bbox 713 2940 792 3006; x_wconf 92' lang='lat' dir='ltr'><strong>idem</strong></span> <span class='ocrx_word' id='word_1_178' title='bbox 814 2939 981 3027; x_wconf 88' lang='lat' dir='ltr'><strong>Apostolus</strong></span> <span class='ocrx_word' id='word_1_179' title='bbox 1006 2935 1105 3023; x_wconf 79' lang='lat' dir='ltr'><strong>(Rom.</strong></span> <span class='ocrx_word' id='word_1_180' title='bbox 1120 2939 1199 3018; x_wconf 85' lang='lat' dir='ltr'><strong>vul,</strong></span> <span class='ocrx_word' id='word_1_181' title='bbox 1217 2937 1273 3024; x_wconf 85' lang='lat'><strong>30)</strong></span> <span class='ocrx_word' id='word_1_182' title='bbox 1378 2931 1385 2938; x_wconf 68' lang='grc'><strong>’</strong></span> 
     </span>
    </p>
   </div>
   <div class='ocr_carea' id='block_1_6' title="bbox 150 3063 1275 4532">
    <p class='ocr_par' dir='ltr' id='par_1_6' title="bbox 150 3063 1275 4532">
     <span class='ocr_line' id='line_1_22' title="bbox 154 3063 1274 3152; baseline 0.002 -22"><span class='ocrx_word' id='word_1_183' title='bbox 154 3064 251 3130; x_wconf 87' lang='lat' dir='ltr'><strong>Deum</strong></span> <span class='ocrx_word' id='word_1_184' title='bbox 266 3087 389 3130; x_wconf 87' lang='lat' dir='ltr'><strong>vocasse</strong></span> <span class='ocrx_word' id='word_1_185' title='bbox 412 3087 473 3142; x_wconf 92' lang='lat' dir='ltr'><strong>eos,</strong></span> <span class='ocrx_word' id='word_1_186' title='bbox 498 3087 575 3152; x_wconf 89' lang='lat' dir='ltr'><strong>quos</strong></span> <span class='ocrx_word' id='word_1_187' title='bbox 597 3064 847 3152; x_wconf 83' lang='lat' dir='ltr'><strong>praedestinasset</strong></span> <span class='ocrx_word' id='word_1_188' title='bbox 864 3063 937 3146; x_wconf 76' lang='grc' dir='ltr'><strong>(οὓς</strong></span> <span class='ocrx_word' id='word_1_189' title='bbox 953 3063 990 3130; x_wconf 77' lang='grc' dir='ltr'><strong>δὲ</strong></span> <span class='ocrx_word' id='word_1_190' title='bbox 1004 3063 1183 3152; x_wconf 78' lang='grc' dir='ltr'><strong><em>προώρισεν</em></strong></span> <span class='ocrx_word' id='word_1_191' title='bbox 1196 3065 1274 3132; x_wconf 80' lang='grc' dir='ltr'><strong><em>τού-</em></strong></span> 
     </span>
     <span class='ocr_line' id='line_1_23' title="bbox 154 3186 1275 3278; baseline 0.006 -25"><span class='ocrx_word' id='word_1_192' title='bbox 154 3211 230 3264; x_wconf 78' lang='grc' dir='ltr'><strong><em>τους</em></strong></span> <span class='ocrx_word' id='word_1_193' title='bbox 245 3192 307 3253; x_wconf 74' lang='grc' dir='ltr'><strong>καὶ</strong></span> <span class='ocrx_word' id='word_1_194' title='bbox 329 3186 514 3270; x_wconf 70' lang='grc' dir='ltr'><strong><em>ἐκάλεσεν),</em></strong></span> <span class='ocrx_word' id='word_1_195' title='bbox 540 3189 615 3256; x_wconf 94' lang='lat' dir='ltr'><strong>illud</strong></span> <span class='ocrx_word' id='word_1_196' title='bbox 636 3190 794 3278; x_wconf 90' lang='lat' dir='ltr'><strong>Philippus</strong></span> <span class='ocrx_word' id='word_1_197' title='bbox 816 3191 1029 3256; x_wconf 88' lang='lat' dir='ltr'><strong>Melanchthon</strong></span> <span class='ocrx_word' id='word_1_198' title='bbox 1052 3194 1163 3278; x_wconf 89' lang='lat' dir='ltr'><strong>optime</strong></span> <span class='ocrx_word' id='word_1_199' title='bbox 1184 3192 1275 3260; x_wconf 87' lang='lat' dir='ltr'><strong>relert</strong></span> 
     </span>
     <span class='ocr_line' id='line_1_24' title="bbox 154 3311 1274 3404; baseline 0.002 -24"><span class='ocrx_word' id='word_1_200' title='bbox 154 3315 193 3380; x_wconf 92' lang='lat' dir='ltr'><strong>ad</strong></span> <span class='ocrx_word' id='word_1_201' title='bbox 214 3314 462 3403; x_wconf 84' lang='lat' dir='ltr'><strong>praedestinatam</strong></span> <span class='ocrx_word' id='word_1_202' title='bbox 485 3313 599 3380; x_wconf 82' lang='lat' dir='ltr'><strong>Christi</strong></span> <span class='ocrx_word' id='word_1_203' title='bbox 620 3315 780 3380; x_wconf 78' lang='lat' dir='ltr'><strong>Ecclesiam</strong></span> <span class='ocrx_word' id='word_1_204' title='bbox 803 3311 880 3404; x_wconf 88' lang='lat' dir='ltr'><strong>(Op.</strong></span> <span class='ocrx_word' id='word_1_205' title='bbox 902 3317 962 3380; x_wconf 88' lang='lat' dir='ltr'><strong>vol.</strong></span> <span class='ocrx_word' id='word_1_206' title='bbox 978 3316 1029 3393; x_wconf 88' lang='lat' dir='ltr'><strong>lV,</strong></span> <span class='ocrx_word' id='word_1_207' title='bbox 1052 3338 1084 3403; x_wconf 83' lang='lat' dir='ltr'><strong>p.</strong></span> <span class='ocrx_word' id='word_1_208' title='bbox 1102 3311 1203 3398; x_wconf 77' lang='grc'><strong>154);</strong></span> <span class='ocrx_word' id='word_1_209' title='bbox 1232 3321 1274 3382; x_wconf 93' lang='lat' dir='ltr'><strong>ait</strong></span> 
     </span>
     <span class='ocr_line' id='line_1_25' title="bbox 154 3438 1272 3528; baseline 0.002 -23"><span class='ocrx_word' id='word_1_210' title='bbox 154 3443 245 3505; x_wconf 89' lang='lat' dir='ltr'><strong>enim:</strong></span> <span class='ocrx_word' id='word_1_211' title='bbox 273 3443 399 3506; x_wconf 77' lang='lat' dir='ltr'><strong>»attexit</strong></span> <span class='ocrx_word' id='word_1_212' title='bbox 421 3439 964 3528; x_wconf 54' lang='lat' dir='ltr'><strong>splendidissimam‘amplificationem</strong></span> <span class='ocrx_word' id='word_1_213' title='bbox 988 3438 1025 3504; x_wconf 89' lang='lat' dir='ltr'><strong>de</strong></span> <span class='ocrx_word' id='word_1_214' title='bbox 1048 3443 1272 3507; x_wconf 85' lang='lat' dir='ltr'><strong>conservatione</strong></span> 
     </span>
     <span class='ocr_line' id='line_1_26' title="bbox 151 3562 1274 3643; baseline 0.001 -12"><span class='ocrx_word' id='word_1_215' title='bbox 151 3565 298 3632; x_wconf 89' lang='lat' dir='ltr'><strong>Ecclesiae</strong></span> <span class='ocrx_word' id='word_1_216' title='bbox 327 3569 358 3630; x_wconf 93' lang='lat' dir='ltr'><strong>in</strong></span> <span class='ocrx_word' id='word_1_217' title='bbox 385 3566 442 3630; x_wconf 91' lang='lat' dir='ltr'><strong>hac</strong></span> <span class='ocrx_word' id='word_1_218' title='bbox 467 3578 550 3630; x_wconf 87' lang='lat' dir='ltr'><strong>tanta</strong></span> <span class='ocrx_word' id='word_1_219' title='bbox 579 3563 779 3643; x_wconf 84' lang='lat' dir='ltr'><strong>deformitate,</strong></span> <span class='ocrx_word' id='word_1_220' title='bbox 808 3578 838 3632; x_wconf 88' lang='lat' dir='ltr'><strong>ct</strong></span> <span class='ocrx_word' id='word_1_221' title='bbox 863 3568 895 3630; x_wconf 92' lang='lat' dir='ltr'><strong>iu</strong></span> <span class='ocrx_word' id='word_1_222' title='bbox 917 3565 964 3630; x_wconf 88' lang='lat' dir='ltr'><strong>his</strong></span> <span class='ocrx_word' id='word_1_223' title='bbox 994 3562 1220 3629; x_wconf 83' lang='lat' dir='ltr'><strong>confusionibus</strong></span> <span class='ocrx_word' id='word_1_224' title='bbox 1243 3579 1274 3632; x_wconf 91' lang='lat' dir='ltr'><strong>et</strong></span> 
     </span>
     <span class='ocr_line' id='line_1_27' title="bbox 151 3691 1272 3779; baseline 0 -23"><span class='ocrx_word' id='word_1_225' title='bbox 151 3694 247 3756; x_wconf 85' lang='lat' dir='ltr'><strong>ruinis</strong></span> <span class='ocrx_word' id='word_1_226' title='bbox 269 3711 444 3778; x_wconf 83' lang='lat' dir='ltr'><strong>regnorum3</strong></span> <span class='ocrx_word' id='word_1_227' title='bbox 469 3693 554 3778; x_wconf 90' lang='lat' dir='ltr'><strong>quasi</strong></span> <span class='ocrx_word' id='word_1_228' title='bbox 577 3691 669 3768; x_wconf 90' lang='lat' dir='ltr'><strong>dicat,</strong></span> <span class='ocrx_word' id='word_1_229' title='bbox 694 3711 864 3779; x_wconf 86' lang='lat' dir='ltr'><strong>quanquam</strong></span> <span class='ocrx_word' id='word_1_230' title='bbox 886 3694 986 3756; x_wconf 89' lang='lat' dir='ltr'><strong>omnia</strong></span> <span class='ocrx_word' id='word_1_231' title='bbox 1007 3693 1157 3756; x_wconf 83' lang='lat' dir='ltr'><strong>minantm</strong></span> <span class='ocrx_word' id='word_1_232' title='bbox 1170 3693 1272 3756; x_wconf 84' lang='lat' dir='ltr'><strong>interi-</strong></span> 
     </span>
     <span class='ocr_line' id='line_1_28' title="bbox 152 3815 1271 3894; baseline 0.002 -14"><span class='ocrx_word' id='word_1_233' title='bbox 152 3829 231 3892; x_wconf 83' lang='lat' dir='ltr'><strong>mm,</strong></span> <span class='ocrx_word' id='word_1_234' title='bbox 254 3828 353 3880; x_wconf 86' lang='lat' dir='ltr'><strong>tamen</strong></span> <span class='ocrx_word' id='word_1_235' title='bbox 375 3818 480 3880; x_wconf 91' lang='lat' dir='ltr'><strong>scitote</strong></span> <span class='ocrx_word' id='word_1_236' title='bbox 495 3815 654 3880; x_wconf 80' lang='lat' dir='ltr'><strong>Ecclesiam</strong></span> <span class='ocrx_word' id='word_1_237' title='bbox 677 3837 764 3882; x_wconf 87' lang='lat' dir='ltr'><strong>curae</strong></span> <span class='ocrx_word' id='word_1_238' title='bbox 787 3837 851 3880; x_wconf 91' lang='lat' dir='ltr'><strong>esse</strong></span> <span class='ocrx_word' id='word_1_239' title='bbox 866 3815 940 3894; x_wconf 88' lang='lat' dir='ltr'><strong>Deo,</strong></span> <span class='ocrx_word' id='word_1_240' title='bbox 965 3830 994 3882; x_wconf 92' lang='lat' dir='ltr'><strong>et</strong></span> <span class='ocrx_word' id='word_1_241' title='bbox 1010 3839 1072 3884; x_wconf 91' lang='lat' dir='ltr'><strong>non</strong></span> <span class='ocrx_word' id='word_1_242' title='bbox 1087 3819 1271 3882; x_wconf 87' lang='lat' dir='ltr'><strong>interituram</strong></span> 
     </span>
     <span class='ocr_line' id='line_1_29' title="bbox 153 3939 1272 4028; baseline 0 -24"><span class='ocrx_word' id='word_1_243' title='bbox 153 3961 236 4019; x_wconf 63' lang='lat' dir='ltr'><strong>ossea</strong></span> <span class='ocrx_word' id='word_1_244' title='bbox 256 3939 374 4005; x_wconf 89' lang='lat' dir='ltr'><strong>orditur</strong></span> <span class='ocrx_word' id='word_1_245' title='bbox 395 3943 488 4028; x_wconf 84' lang='lat' dir='ltr'><strong>igitur</strong></span> <span class='ocrx_word' id='word_1_246' title='bbox 510 3941 547 4006; x_wconf 88' lang='lat' dir='ltr'><strong>ah</strong></span> <span class='ocrx_word' id='word_1_247' title='bbox 571 3942 726 4018; x_wconf 88' lang='lat' dir='ltr'><strong>electione,</strong></span> <span class='ocrx_word' id='word_1_248' title='bbox 750 3953 785 4006; x_wconf 91' lang='lat' dir='ltr'><strong>ut</strong></span> <span class='ocrx_word' id='word_1_249' title='bbox 806 3963 863 4007; x_wconf 89' lang='lat' dir='ltr'><strong>nos</strong></span> <span class='ocrx_word' id='word_1_250' title='bbox 887 3942 1129 4008; x_wconf 80' lang='lat' dir='ltr'><strong>commonefaciat</strong></span> <span class='ocrx_word' id='word_1_251' title='bbox 1151 3941 1187 4006; x_wconf 88' lang='lat' dir='ltr'><strong>da</strong></span> <span class='ocrx_word' id='word_1_252' title='bbox 1204 3962 1272 4028; x_wconf 86' lang='lat' dir='ltr'><strong>per-</strong></span> 
     </span>
     <span class='ocr_line' id='line_1_30' title="bbox 150 4064 1270 4162; baseline 0 -32"><span class='ocrx_word' id='word_1_253' title='bbox 150 4078 243 4153; x_wconf 87' lang='lat' dir='ltr'><strong>petuo</strong></span> <span class='ocrx_word' id='word_1_254' title='bbox 271 4065 397 4130; x_wconf 90' lang='lat' dir='ltr'><strong>consilio</strong></span> <span class='ocrx_word' id='word_1_255' title='bbox 425 4064 482 4130; x_wconf 89' lang='lat' dir='ltr'><strong>Dei</strong></span> <span class='ocrx_word' id='word_1_256' title='bbox 509 4079 540 4132; x_wconf 89' lang='lat' dir='ltr'><strong>et</strong></span> <span class='ocrx_word' id='word_1_257' title='bbox 567 4066 603 4132; x_wconf 89' lang='lat' dir='ltr'><strong>de</strong></span> <span class='ocrx_word' id='word_1_258' title='bbox 631 4069 855 4134; x_wconf 86' lang='lat' dir='ltr'><strong>conservatione</strong></span> <span class='ocrx_word' id='word_1_259' title='bbox 883 4068 1034 4162; x_wconf 85' lang='lat' dir='ltr'><strong>ccclesiae,</strong></span> <span class='ocrx_word' id='word_1_260' title='bbox 1066 4068 1151 4153; x_wconf 88' lang='lat' dir='ltr'><strong>quasi</strong></span> <span class='ocrx_word' id='word_1_261' title='bbox 1182 4065 1270 4143; x_wconf 83' lang='lat' dir='ltr'><strong>dicat,</strong></span> 
     </span>
     <span class='ocr_line' id='line_1_31' title="bbox 151 4189 1271 4280; baseline 0 -24"><span class='ocrx_word' id='word_1_262' title='bbox 151 4194 257 4257; x_wconf 88' lang='lat' dir='ltr'><strong>scitote</strong></span> <span class='ocrx_word' id='word_1_263' title='bbox 284 4212 348 4255; x_wconf 89' lang='lat' dir='ltr'><strong>esse</strong></span> <span class='ocrx_word' id='word_1_264' title='bbox 369 4190 529 4256; x_wconf 87' lang='lat' dir='ltr'><strong>Ecclesiam</strong></span> <span class='ocrx_word' id='word_1_265' title='bbox 558 4192 678 4258; x_wconf 84' lang='lat' dir='ltr'><strong>electam</strong></span> <span class='ocrx_word' id='word_1_266' title='bbox 706 4204 830 4280; x_wconf 84' lang='lat' dir='ltr'><strong>propter</strong></span> <span class='ocrx_word' id='word_1_267' title='bbox 858 4191 976 4256; x_wconf 80' lang='lat' dir='ltr'><strong>Filimu.</strong></span> <span class='ocrx_word' id='word_1_268' title='bbox 1018 4189 1144 4278; x_wconf 87' lang='lat' dir='ltr'><strong>Semper</strong></span> <span class='ocrx_word' id='word_1_269' title='bbox 1171 4189 1271 4278; x_wconf 81' lang='lat' dir='ltr'><strong>aliqua</strong></span> 
     </span>
     <span class='ocr_line' id='line_1_32' title="bbox 150 4314 1271 4406; baseline 0.002 -26"><span class='ocrx_word' id='word_1_270' title='bbox 150 4314 316 4392; x_wconf 83' lang='lat' dir='ltr'><strong>haereditas</strong></span> <span class='ocrx_word' id='word_1_271' title='bbox 339 4317 396 4381; x_wconf 89' lang='lat' dir='ltr'><strong>erit</strong></span> <span class='ocrx_word' id='word_1_272' title='bbox 409 4315 477 4380; x_wconf 80' lang='lat' dir='ltr'><strong>Filii</strong></span> <span class='ocrx_word' id='word_1_273' title='bbox 491 4315 547 4382; x_wconf 87' lang='lat' dir='ltr'><strong>Dei</strong></span> <span class='ocrx_word' id='word_1_274' title='bbox 569 4321 601 4382; x_wconf 93' lang='lat' dir='ltr'><strong>in</strong></span> <span class='ocrx_word' id='word_1_275' title='bbox 622 4339 728 4406; x_wconf 78' lang='lat' dir='ltr'><strong>genere</strong></span> <span class='ocrx_word' id='word_1_276' title='bbox 744 4318 886 4382; x_wconf 85' lang='lat' dir='ltr'><strong>humano.</strong></span> <span class='ocrx_word' id='word_1_277' title='bbox 921 4315 961 4380; x_wconf 81' lang='lat' dir='ltr'><strong>llt</strong></span> <span class='ocrx_word' id='word_1_278' title='bbox 979 4315 1052 4380; x_wconf 90' lang='lat' dir='ltr'><strong>hacc</strong></span> <span class='ocrx_word' id='word_1_279' title='bbox 1064 4315 1156 4380; x_wconf 87' lang='lat' dir='ltr'><strong>electa</strong></span> <span class='ocrx_word' id='word_1_280' title='bbox 1170 4314 1271 4382; x_wconf 76' lang='lat' dir='ltr'><strong>Eccle-</strong></span> 
     </span>
     <span class='ocr_line' id='line_1_33' title="bbox 151 4439 1269 4532; baseline 0.002 -28"><span class='ocrx_word' id='word_1_281' title='bbox 151 4443 195 4504; x_wconf 88' lang='lat' dir='ltr'><strong>sia</strong></span> <span class='ocrx_word' id='word_1_282' title='bbox 214 4439 433 4529; x_wconf 84' lang='lat' dir='ltr'><strong>pracdlcetione</strong></span> <span class='ocrx_word' id='word_1_283' title='bbox 447 4441 606 4530; x_wconf 75' lang='lat' dir='ltr'><strong>redigitur,</strong></span> <span class='ocrx_word' id='word_1_284' title='bbox 630 4455 659 4508; x_wconf 90' lang='lat' dir='ltr'><strong>et</strong></span> <span class='ocrx_word' id='word_1_285' title='bbox 673 4442 708 4508; x_wconf 83' lang='lat' dir='ltr'><strong>fic</strong></span> <span class='ocrx_word' id='word_1_286' title='bbox 716 4442 801 4529; x_wconf 85' lang='lat' dir='ltr'><strong>justa</strong></span> <span class='ocrx_word' id='word_1_287' title='bbox 816 4455 846 4508; x_wconf 85' lang='lat' dir='ltr'><strong>at</strong></span> <span class='ocrx_word' id='word_1_288' title='bbox 861 4439 1017 4510; x_wconf 85' lang='lat' dir='ltr'><strong>ornabitur</strong></span> <span class='ocrx_word' id='word_1_289' title='bbox 1031 4453 1149 4509; x_wconf 65' lang='lat' dir='ltr'><strong>amoma</strong></span> <span class='ocrx_word' id='word_1_290' title='bbox 1160 4441 1269 4532; x_wconf 76' lang='lat' dir='ltr'><strong>gloria.</strong></span> 
     </span>
    </p>
   </div>
   <div class='ocr_carea' id='block_1_7' title="bbox 0 0 1580 5160">
    <p class='ocr_par' dir='ltr' id='par_1_7' title="bbox 0 0 1580 5160">
     <span class='ocr_line' id='line_1_34' title="bbox 0 0 1580 5160; baseline 0 4"><span class='ocrx_word' id='word_1_291' title='bbox 0 0 1580 5160; x_wconf 95' lang='lat' dir='ltr'><strong> </strong></span> 
     </span>
    </p>
   </div>
  </div>
 </body>
</html>
