3172 5186
780 303 991 416 Q

324 515 445 594 illitum,
475 515 560 604 quale
588 514 637 580 hic
658 515 795 580 innuitur
816 507 867 596 (a.¹
880 509 949 596 ll),
967 511 1088 578 'diserte
1106 521 1365 578 'commemoratae
1405 510 1451 578 Et

326 639 498 706 observabis
528 640 684 705 dictionem
712 641 785 731 Πξξ
806 643 869 729 nli
900 640 920 703 i.
942 659 967 702 e.
996 636 1155 722 οἰκουρός,
1186 637 1271 702 maai
1290 635 1447 719 tabitam,

325 787 390 830 clun
419 769 449 829 vi
478 765 605 853 quadam
634 763 795 828 adhibitam
826 733 898 828 esse.
939 761 1033 828 Foris
1060 761 1236 850 pugnabant
1257 764 1329 838 viri,
1361 761 1449 825 domi

324 889 467 955 sedebant
488 891 640 968 mulieres3
665 888 744 952 unde
765 888 814 953 illa
828 887 939 952 Xerxis
963 886 1045 975 apud
1062 886 1243 973 Aeschylum
1266 885 1447 950 ludificatio:

627 1029 753 1110 λέγουσι
778 1022 811 1093 δ’
828 1025 871 1104 ὡς
894 1023 932 1094 σύ
956 1032 1015 1112 μὲν
1038 1027 1141 1111 μέγαν
1161 1030 1284 1105 τέκνοις

369 1137 510 1206 πλοῦτον
533 1137 652 1224 ἐκτήσω
678 1131 737 1215 ξὺν
760 1137 865 1226 αἰχμῇ,
890 1131 947 1200 τὸν
970 1133 1002 1200 δ’
1018 1128 1199 1218 ἄνανδρίας
1221 1133 1286 1202 ὕπο

369 1241 487 1309 ἔνδον
510 1240 735 1330 αἰχμάζειν,
758 1246 909 1330 πατρῷον
932 1235 968 1306 δ’
986 1237 1087 1324 ὄλβον
1110 1233 1208 1306 οὐδὲν
1230 1234 1396 1320 αὐξάνειν.

1194 1362 1288 1448 (Pers.
1307 1359 1397 1450 754).

418 1513 516 1600 Hujus
551 1512 625 1589 loci,
667 1514 719 1598 qui
750 1511 908 1598 plerosque
941 1513 1115 1598 interpretes
1149 1507 1291 1573 sollicitos
1326 1505 1443 1584 habuit,

325 1659 391 1705 eum
414 1659 478 1703 esse
502 1659 635 1713 sensum,
659 1659 748 1724 quern
772 1657 863 1723 supra
886 1634 923 1700 ad
938 1634 1075 1700 Deborae
1091 1636 1236 1698 canticum
1252 1628 1294 1721 (p.
1312 1627 1391 1714 289)
1414 1645 1446 1696 et

323 1764 371 1828 hic
387 1758 429 1850 (p.
439 1757 516 1858 3Χο2)
534 1762 687 1839 declaravi,
705 1761 835 1828 ostendit
850 1765 913 1847 ipse
929 1760 1090 1826 verborum
1104 1771 1273 1824 contextus.
1303 1755 1380 1822 Nam
1394 1756 1446 1822 hic

325 1900 520 1975 opponuntur
542 1887 678 1956 mulieres
693 1887 882 1963 Israelitieae,
906 1887 1008 1973 quales
1032 1898 1115 1950 erant
1138 1897 1205 1948 ante
1221 1895 1334 1970 partam
1349 1885 1445 1948 victo·

323 2014 411 2088 riam,
435 2011 553 2089 iisdem,
579 2011 680 2099 quales
704 2024 787 2076 erant
808 2024 879 2098 post
900 2009 1028 2099 praedae
1048 2012 1248 2096 partitionem.
1281 2007 1322 2072 Et
1344 2011 1370 2072 si
1385 2007 1443 2073 boc

322 2149 455 2223 tempore
485 2135 641 2204 deauratae
670 2149 753 2202 erant
781 2147 810 2202 et
840 2135 980 2201 candidae
1009 2138 1087 2200 sicut
1108 2148 1212 2200 venen
1233 2133 1281 2198 ille
1305 2132 1444 2196 Tsalmo-

322 2282 406 2337 neus,
431 2264 483 2348 qui
506 2262 573 2324 nive
595 2272 690 2326 tectus
714 2260 876 2326 albedinem
902 2284 985 2325 suam
1009 2281 1232 2347 quaquaversus
1248 2257 1441 2335 diffundebat,

322 2385 495 2472 intelligitur
519 2407 566 2450 eas
596 2397 681 2453 autea
703 2385 788 2450 valde
817 2385 935 2450 diverso
965 2387 1099 2471 corporis
1130 2397 1160 2448 et
1181 2386 1306 2449 vestium
1336 2381 1442 2446 habitu

323 2509 424 2576 luisse.
458 2510 524 2574 «lom
540 2533 610 2574 vero
634 2530 742 2575 nomen
766 2510 852 2577 duale
875 2506 1005 2612 nttjpdl
1027 2508 1151 2573 averbo
1175 2505 1263 2610 tuoni
1286 2507 1440 2584 formatur,

322 2635 421 2737 quod,
450 2648 485 2700 ut
507 2635 684 2720 jampridem
713 2638 830 2699 monuit
851 2604 985 2700 Jacobus'
1003 2633 1175 2700 Robertsou
1198 2628 1310 2716 (Clavis
1333 2633 1442 2698 Penta-

322 2761 435 2838 teuchi,
459 2783 490 2846 p.
511 2755 604 2842 268),
635 2774 663 2825 et
685 2782 781 2846 nuper
804 2760 990 2825 confirmavit
1012 2757 1132 2824 Samuel
1154 2758 1226 2836 Leo,
1254 2757 1381 2824 refertur
1403 2755 1442 2822 ad

321 2886 404 2949 illum
419 2883 553 2948 Arabum
577 2897 605 2948 et
619 2883 822 2949 Hebraeorum
846 2907 972 2961 morem,
997 2906 1058 2971 quo
1083 2884 1169 2948 ollam
1194 2887 1225 2948 in
1247 2881 1314 2948 foco
1338 2883 1441 2971 dispo·

321 3008 446 3085 nebant,
470 3008 605 3072 adhibito
629 3007 724 3074 ferreo
747 3009 794 3072 vel
816 3009 933 3097 lapideo
957 3008 1168 3085 sustentaculo,
1192 3007 1276 3095 quod
1298 3009 1348 3072 alii
1370 3007 1440 3096 eby-

322 3133 482 3220 tropodem
505 3133 552 3195 alii
577 3134 730 3219 tripodem
744 3147 861 3199 vocant.
891 3134 935 3198 lta
949 3132 1029 3197 Elias
1047 3132 1118 3198 dicit
1131 3155 1225 3220 puero
1242 3155 1298 3198 suo
1315 3128 1349 3214 (2
1365 3133 1439 3222 Reg.

320 3256 372 3335 IV,
391 3253 461 3338 38):
488 3259 585 3350 wil
608 3250 697 3349 naut
726 3259 840 3324 »ollone
861 3281 1008 3346 mappam
1031 3259 1148 3344 tripodi
1169 3259 1308 3344 inperce,
1338 3271 1368 3324 et
1388 3279 1440 3325 co·

322 3403 379 3470 que
407 3382 518 3468 pultem
546 3405 601 3469 pro
624 3352 692 3448 filiis
714 3385 954 3472 prophetarum«
994 3382 1135 3449 Similiter
1156 3382 1247 3448 duel.
1268 3383 1380 3460 XXIV,
1403 3381 1439 3450 3:

321 3500 410 3599 ΠΜ
434 3509 529 3602 'iffi
552 3500 642 3599 noti
671 3509 808 3594 »impedi
833 3510 958 3596 impona
985 3508 1115 3592 ollomst
1145 3505 1199 3574 ubi
1220 3507 1380 3574 adhibetur
1403 3507 1439 3574 dc

321 3603 422 3697 ahenis
446 3655 536 3719 super
550 3603 656 3720 grandi
678 3636 746 3720 igne
770 3632 957 3711 collocandis,
982 3632 1065 3719 quod
1088 3636 1150 3698 sine
1166 3655 1223 3721 ope
1238 3633 1306 3698 talis
1322 3643 1441 3699 susten·

320 3757 409 3823 taculi
431 3758 494 3822 fieri
517 3771 654 3845 nequeat.
691 3756 789 3840 Quum
812 3759 904 3846 igitur
927 3759 1062 3824 mulieres
1084 3759 1150 3824 illae
1166 3759 1322 3824 orientales
1337 3760 1369 3823 in
1385 3757 1440 3824 do·

319 3885 447 3948 mesticis
468 3885 636 3950 ministeriis
659 3896 856 3961 versarentur,
881 3887 1052 3971 praesertim
1075 3887 1106 3949 in
1128 3905 1160 3951 re
1184 3885 1339 3962 culinaria,
1362 3886 1440 3950 inter

319 4007 495 4097 fuliginosas
517 4011 590 4074 istas
614 4009 687 4072 ollas
711 4019 740 4074 et
763 4009 963 4097 chytropodes
986 4033 1048 4075 non
1071 4012 1205 4074 minimas
1228 3987 1337 4076 sordes·
1355 4020 1440 4074 erant

320 4146 506 4222 excepturae.
535 4134 575 4198 Et
596 4136 751 4201 notissima
773 4135 822 4199 illa
839 4135 1029 4202 Gindarelloe
1051 4131 1096 4218 (lo
1113 4131 1323 4218 Gcmrentola)
1338 4133 1439 4200 fabola

320 4257 407 4325 docet
433 4260 544 4326 nullam
571 4261 820 4346 ματαμόρφωσιν
845 4264 938 4350 magis
968 4281 1031 4327 esse
1062 4263 1266 4349 conspicuam,
1297 4282 1385 4349 mam
1411 4261 1437 4324 si

319 4403 379 4469 qua
401 4386 539 4452 muliera
561 4385 721 4454 sordidatis
745 4387 858 4454 crulinae
872 4385 1006 4474 vestibus
1028 4390 1060 4453 in
1079 4386 1266 4474 splendidum
1281 4387 1356 4474 regii
1369 4385 1438 4451 atrii
