3152 5160
828 324 878 398 82

295 556 349 601 een.
363 555 402 600 tv.
420 557 451 610 [e]
475 539 517 604 lbi
540 553 603 603 turn
626 537 741 603 dehova
763 539 804 600 ita
829 533 954 618 Quinum
978 534 1124 598 allocutus
1148 546 1206 597 est:

477 662 695 748 »Quamobrem
710 666 754 727 ira
769 658 823 725 tibi
839 659 992 723 incanduit
1007 658 1192 745 conciditquc
1205 656 1305 720 vultus
1319 655 1415 719 tuus?

422 805 453 858 [t]
476 787 582 853 Nonne
607 792 732 852 sirecte
755 786 872 862 feceris,
896 785 945 850 itta
969 797 1015 848 cst
1036 782 1199 847 exaltatio?

478 913 532 978 Sin
554 917 666 990 minus,
692 912 730 975 ad
751 912 863 998 peceati
885 909 964 974 fores
986 907 1164 973 recumbis«

479 1037 604 1113 [Habclo
630 1049 726 1101 autem
751 1033 827 1099 dixit
849 1034 978 1099 Jchova:
1003 1017 1007 1027 ’

265 1175 452 1236 [eeaxxnns]
478 1162 645 1244 »Quoniam
669 1161 762 1225 fecisti
785 1160 861 1223 hanc
883 1181 959 1235 rem,
985 1161 1065 1222 etin
1090 1177 1134 1219 nio
1158 1155 1320 1231 credidisti,

297 1300 452 1360 [Genxva]
476 1287 550 1350 Ecce
573 1288 709 1373 reputavi
731 1284 763 1348 id
785 1282 840 1347 tibi
863 1283 901 1346 ad
920 1284 1076 1367 justitiam.

244 1423 452 1486 [dccxxvuee]
475 1410 545 1476 Inde
568 1415 708 1498 magister
731 1412 787 1472 cris
810 1407 909 1473 fratris
932 1403 989 1487 tui]

422 1551 454 1605 [t]
477 1535 516 1600 Et
539 1535 595 1599 sub
618 1547 647 1599 te
670 1538 724 1598 crit
747 1536 895 1620 appetitus
920 1532 983 1616 ejus

479 1661 587 1748 Tuque
610 1665 641 1724 in
664 1682 730 1723 eum
755 1656 983 1722 dominaberis«
1056 1713 1059 1720 r

276 1765 456 1815 consta-16.
479 1785 621 1872 Dixitque
639 1784 751 1867 Quibus
761 1782 875 1847 Habclo
891 1782 975 1846 fratri
991 1802 1063 1844 suo:
1087 1778 1216 1844 »Eamus
1232 1780 1263 1842 in
1279 1798 1414 1863 agrum«

424 1828 455 1880 [⁸]

479 1906 585 1991 Quumx
600 1911 692 1996 igitur
714 1930 783 1972 rure
806 1919 915 1982 essent,

480 2032 592 2115 Qainus
622 2031 766 2097 Habelum
802 2029 920 2094 fratrent
949 2051 1036 2094 suurn
1065 2049 1224 2117 aggressus
1253 2040 1299 2092 est
1325 2040 1415 2113 atque

934 2153 1086 2219 interfecit.

423 2299 454 2350 [9]
479 2281 558 2344 Tum
581 2280 696 2345 Jchova
720 2278 815 2363 Qaino
838 2280 1019 2344 inclamavit:

480 2405 556 2471 »Ubi
579 2420 624 2471 cst
645 2405 775 2471 Habelus
800 2404 889 2469 frater
912 2403 1025 2468 tuusi'«

478 2531 526 2623 Ille
550 2554 637 2608 vcro,
663 2529 825 2606 »Nescio«
854 2533 966 2616 inquit3
997 2549 1088 2592 onum
1112 2540 1212 2591 custos
1236 2525 1334 2590 fratris
1358 2529 1414 2589 mci

935 2676 990 2740 ego
1014 2652 1126 2718 sum?«

408 2795 455 2848 [10]
479 2779 594 2844 Jchova
617 2792 713 2844 autern
738 2780 828 2844 dixit:
852 2777 952 2860 »Quid
975 2779 1121 2865 patrasti?

478 2904 551 2967 Vox
573 2904 694 2967 fraterni
717 2907 869 2990 sanguinis
894 2903 931 2968 ad
953 2927 999 2968 me
1024 2903 1059 2967 de
1082 2916 1160 2967 terra
1183 2901 1330 2988 queritur!

409 3043 455 3096 [11]
479 3028 544 3092 dam
568 3051 639 3092 vcro
663 3032 720 3116 ipsi
743 3042 838 3093 terrae
862 3028 1041 3094 detestabilis
1066 3031 1122 3092 eris

480 3151 563 3236 Quae
584 3153 623 3217 ad
637 3152 836 3239 recipiendum
852 3154 950 3218 fratris
966 3157 1010 3218 tui
1026 3156 1199 3240 sanguinem
1215 3175 1232 3215 a
1247 3155 1306 3216 tuis
1322 3154 1416 3215 mani-

934 3278 991 3344 bus
1016 3301 1050 3343 os
1073 3301 1161 3343 suuni
1184 3281 1308 3364 aperuit.
1330 3295 1333 3301 ·

410 3419 457 3472 [tt]
483 3399 609 3485 Quando
634 3416 740 3468 terram
765 3404 842 3469 coles
865 3426 927 3469 non
949 3417 984 3469 ut
1007 3417 1073 3468 ante
1092 3407 1231 3468 virtutem
1254 3425 1337 3467 suam
1360 3405 1416 3466 irn-

934 3531 1050 3615 pertici.

479 3652 646 3737 Quinetiam
670 3657 798 3719 extorris
822 3657 878 3720 eris
902 3667 932 3718 et
953 3653 1150 3740 vagabundus
1176 3655 1207 3716 in
1229 3652 1288 3717 hoc
1311 3651 1413 3718 orbe«

408 3792 456 3846 [18]
479 3777 647 3865 Respondit
671 3778 782 3862 Quintis
805 3778 951 3845 Jehovae:
980 3779 1097 3864 »Majus
1121 3791 1166 3843 cst
1188 3777 1283 3842 scelus
1306 3800 1413 3855 mcum,

923 3925 1010 3989 quarn
1027 3903 1110 3989 quod
1125 3902 1287 3968 condonari
1301 3903 1413 3989 possit!

409 4041 457 4094 [14]
481 4025 541 4090 En!
566 4026 688 4113 expellis
711 4050 756 4091 me
779 4026 877 4110 hodie
892 4049 930 4091 cx
952 4029 1008 4092 hac
1030 4028 1163 4115 regione!

478 4150 508 4214 A
530 4163 582 4214 tua
606 4171 726 4238 quoquc
748 4156 914 4237 praesentia
937 4152 1113 4219 exturbatus
1136 4153 1218 4216 sum!

477 4273 517 4338 Et
539 4278 667 4342 extorris
692 4275 947 4365 vagabundusque
969 4300 1024 4364 per
1045 4291 1139 4343 terras
1163 4276 1284 4342 errabo!

478 4397 561 4464 Unde
574 4398 707 4466 futurum
720 4415 774 4481 est,
785 4415 819 4467 ut
831 4406 1000 4490 quicunque
1009 4405 1040 4467 in
1049 4425 1095 4468 mc
1106 4401 1224 4480 incidat,
1235 4400 1413 4467 interficiat«
