3172 5186
659 363 735 437 307

134 586 248 639 rentur.
292 571 371 638 sena
394 571 524 638 concedo
547 573 640 638 multa
663 595 726 640 esse
748 577 826 639 inter
846 573 982 638 Psalmos
1006 574 1149 652 earmina,
1182 593 1257 663 quae

135 698 236 763 choris
260 701 412 785 aptissima
434 701 503 776 sint,
528 697 581 763 sed
602 699 716 764 nullum
740 698 836 763 habeo
861 711 1082 786 argumentum,
1111 721 1202 787 quare
1224 722 1259 764 ea

134 823 184 888 vel
198 823 364 888 dasharano
385 823 462 888 libro
479 823 698 889 annumeranda
713 823 760 888 vel
775 821 973 910 abjudicanda
987 845 1128 890 censeam.
1156 825 1258 912 Itaque

135 969 198 1012 rem
233 951 264 1012 in
293 946 390 1012 medio
419 949 536 1037 reliqui.
575 948 626 1014 Ad
656 947 827 1014 Solomonis
856 959 980 1014 aetatem
1008 948 1092 1034 quod
1120 951 1256 1036 pertinet,

135 1074 257 1136 nonnisi
286 1071 347 1136 duo
378 1076 507 1137 earmina
535 1077 683 1162 excerpsi,
716 1095 791 1160 quae
813 1072 1006 1138 Iasharanam
1035 1071 1164 1137 in'dolem
1186 1094 1258 1160 prae

136 1194 304 1274 seierum,
327 1167 591 1275 PsalmumIlLV‚
616 1220 718 1285 quem,
747 1211 782 1262 ut
806 1201 930 1284 opinor,
957 1196 1077 1263 Nathan
1098 1197 1256 1284 propheta,

135 1333 279 1407 tanquam
300 1321 451 1386 laureatus
474 1323 558 1388 aulae
581 1335 678 1400 vates,
703 1323 881 1410 epithalamii
905 1326 999 1388 instar
1021 1325 1205 1407 composuit3
1230 1334 1260 1386 et

135 1445 287 1510 Psalmum
302 1445 431 1524 LXVIII,
457 1467 544 1534 quem
566 1447 653 1524 idem,
679 1448 796 1512 crebrae
819 1446 949 1512 Deberei
973 1450 1077 1512 cantici
1100 1448 1258 1512 imitationi

136 1569 310 1657 indulgens,
346 1569 385 1635 ad
417 1571 518 1658 templi
548 1575 798 1638 consecrationem
825 1585 968 1660 tanquam
996 1572 1131 1660 generale
1160 1573 1257 1659 gentis

136 1693 317 1759 Jasharanae
340 1697 498 1782 epinicium
519 1695 623 1761 litteris
647 1696 807 1761 mandavit.
848 1698 907 1774 Ita,
932 1700 958 1761 si
981 1696 1087 1784 elegias
1110 1700 1141 1762 in
1164 1717 1258 1761 unum

136 1842 245 1907 poema
266 1822 404 1898 associas,
429 1834 541 1908 septem
563 1820 686 1886 habebis
710 1822 851 1909 septimae
873 1825 967 1909 partis
991 1822 1159 1888 cantilenas.

592 2018 803 2026 *-

456 2184 497 2250 IN
529 2183 740 2254 CANTICUM
768 2186 936 2252 PRIMUM.

227 2440 331 2520 Nemo,
357 2445 408 2530 qui
430 2443 525 2531 legere
547 2455 576 2508 et
591 2444 751 2531 Intelligere
764 2448 872 2531 possit,
897 2444 975 2509 hanc
989 2444 1161 2508 cantiIenam
1177 2443 1258 2508 Han·

136 2590 208 2646 nae,
241 2565 385 2632 Samuelis
408 2571 510 2646 matri,
542 2567 699 2634 addixerit.
740 2567 815 2634 Nam
838 2591 931 2657 quum
953 2569 1026 2633 nihil
1048 2567 1090 2632 ibi
1113 2571 1152 2632 sit
1174 2567 1258 2654 qnod

136 2693 189 2758 tali
211 2713 356 2779 personae
379 2696 550 2770 conveniat,
579 2697 604 2757 si
627 2697 757 2781 excipias
779 2695 858 2760 illam
882 2697 990 2780 septies
1013 2696 1154 2781 parientis
1176 2714 1258 2758 men-

137 2821 249 2882 tionem
274 2813 315 2900 (v.
336 2813 384 2896 5),
415 2839 490 2906 quae
513 2821 673 2884 sententiae
695 2820 849 2908 augendae
872 2841 961 2885 causa
983 2819 1183 2884 introducitur
1204 2841 1258 2883 nec

138 2941 265 3028 quadrat
287 2945 319 3006 in
333 2942 468 3008 Hennam
485 2965 559 3030 quae
575 2965 630 3009 sex
645 2957 732 3010 natos
750 2943 856 3010 habuit
872 2941 903 3028 (1
923 2944 1003 3010 Sam.
1018 2946 1052 3022 II,
1070 2939 1141 3027 21);
1165 2944 1258 3008 multa

137 3069 249 3144 insunt,
274 3087 349 3155 quae
372 3067 409 3132 ab
424 3067 531 3134 Henna
553 3069 631 3136 dieta
650 3091 714 3136 esse
729 3094 791 3136 non
806 3083 953 3159 poterant,
977 3073 1150 3158 praesertim
1165 3091 1258 3158 mum

137 3191 239 3255 nullus
267 3205 345 3256 esset
371 3205 444 3258 tunc
470 3198 613 3281 temporis
642 3197 719 3260 iuter
746 3196 892 3260 Israelitas
921 3219 990 3274 rex,
1022 3199 1073 3283 qui
1101 3209 1199 3261 tamen
1226 3199 1258 3260 in

137 3315 243 3381 ultimo
267 3331 419 3383 commate·
430 3331 571 3406 tanquam
587 3342 605 3383 a
619 3320 735 3385 Jehova
749 3332 857 3385 unctus
877 3319 984 3385 diserte
1000 3332 1256 3385 commemoratur.

137 3440 238 3528 Atque
249 3442 391 3508 Ewaldus
408 3444 527 3531 quidem
542 3443 703 3509 arbitratur
718 3440 778 3526 (die
793 3445 966 3532 poetisohen
979 3445 1095 3509 Biicher
1110 3444 1161 3510 des
1173 3444 1256 3510 A.B.

136 3565 166 3644 Ι,
188 3588 219 3652 p.
239 3563 315 3649 111)
337 3569 396 3633 hoe
423 3572 567 3634 canticum
597 3569 688 3635 fuisse
717 3572 874 3656 epinicium
904 3571 1080 3656 antiquioris
1104 3567 1258 3654 eujusdam

136 3691 333 3756 Israelitarum
356 3695 449 3780 regis3
473 3693 678 3760 Bertholdtius
696 3691 784 3776 (Einl.
798 3696 843 3772 III,
861 3691 939 3777 915)
956 3692 1099 3758 Davidem
1117 3705 1258 3780 tanquam

138 3826 289 3881 auctorem
318 3818 382 3903 ejus
410 3817 540 3905 profert3
572 3832 602 3885 et
629 3819 701 3885 Otto
731 3820 865 3885 Thenius
893 3815 954 3901 (die
982 3818 1100 3884 Biioher
1124 3818 1257 3884 Samuels

137 3963 168 4028 p.
186 3936 220 4022 8)
242 3963 304 4005 non
326 3940 417 4006 modo
435 3943 580 4008 Davidem
603 3945 680 4008 hano
703 3943 780 4010 oden
803 3948 955 4032 scripsisse
979 3956 1122 4021 autumat,
1147 3943 1257 4007 sedeo

140 4065 263 4130 consilio
287 4070 439 4152 scripsisse
462 4081 498 4132 ut
521 4068 675 4133 Goliathae
698 4069 892 4134 devictionem
915 4068 1083 4133 celebraret.
1112 4037 1258 4155 Equidem

140 4189 179 4254 ad
201 4189 322 4256 eandem
345 4196 519 4257 sententiam
542 4215 759 4271 concesseram,
788 4207 946 4280 antequam
970 4194 1078 4258 Thenii
1102 4191 1258 4258 Commen-

140 4318 248 4380 tarium
269 4319 476 4403 inspexissem.
510 4317 702 4406 Argumenta,
728 4340 804 4406 quae
825 4339 872 4382 me
891 4331 1059 4395 moverunt,
1083 4316 1142 4382 lere
1158 4316 1259 4382 eadem

140 4452 212 4504 sunt
239 4453 328 4528 atque
351 4463 385 4506 ea
409 4461 485 4528 quae
509 4443 642 4509 Thenius
666 4443 802 4510 adduxit.
835 4444 867 4508 In
890 4447 993 4532 prImis
1016 4446 1093 4509 enim
1116 4442 1258 4508 habemus

991 4563 1045 4618 20·
