<?xml version="1.0" encoding="UTF-8"?>
<!DOCTYPE html PUBLIC "-//W3C//DTD XHTML 1.0 Transitional//EN"
    "http://www.w3.org/TR/xhtml1/DTD/xhtml1-transitional.dtd">
<html xmlns="http://www.w3.org/1999/xhtml" xml:lang="en" lang="en">
 <head>
  <title>
</title>
<meta http-equiv="Content-Type" content="text/html;charset=utf-8" />
  <meta name='ocr-system' content='tesseract 3.04.00' />
  <meta name='ocr-capabilities' content='ocr_page ocr_carea ocr_par ocr_line ocrx_word'/>
</head>
<body>
  <div class='ocr_page' id='page_1' title='image "./jasharfragmenta00donagoog_0045.png"; bbox 0 0 3166 5178; ppageno 0'>
   <div class='ocr_carea' id='block_1_1' title="bbox 299 595 1414 2688">
    <p class='ocr_par' dir='ltr' id='par_1_1' title="bbox 299 595 1414 2688">
     <span class='ocr_line' id='line_1_1' title="bbox 299 595 1412 686; baseline 0.001 -25"><span class='ocrx_word' id='word_1_1' title='bbox 299 610 389 662; x_wconf 88' lang='lat' dir='ltr'><strong>tatem</strong></span> <span class='ocrx_word' id='word_1_2' title='bbox 412 595 659 685; x_wconf 85' lang='lat' dir='ltr'><strong>comprobandam</strong></span> <span class='ocrx_word' id='word_1_3' title='bbox 681 599 799 686; x_wconf 53' lang='lat' dir='ltr'><strong>marius</strong></span> <span class='ocrx_word' id='word_1_4' title='bbox 815 601 973 684; x_wconf 82' lang='lat' dir='ltr'><strong>excogitaui</strong></span> <span class='ocrx_word' id='word_1_5' title='bbox 995 609 1102 684; x_wconf 85' lang='lat' dir='ltr'><strong>potest,</strong></span> <span class='ocrx_word' id='word_1_6' title='bbox 1120 619 1207 685; x_wconf 87' lang='lat' dir='ltr'><strong>quam</strong></span> <span class='ocrx_word' id='word_1_7' title='bbox 1229 597 1346 661; x_wconf 91' lang='lat' dir='ltr'><strong>illorum</strong></span> <span class='ocrx_word' id='word_1_8' title='bbox 1368 610 1412 662; x_wconf 88' lang='lat' dir='ltr'><strong>tc·</strong></span> 
     </span>
     <span class='ocr_line' id='line_1_2' title="bbox 301 721 1414 812; baseline -0.002 -26"><span class='ocrx_word' id='word_1_9' title='bbox 301 725 435 787; x_wconf 87' lang='lat' dir='ltr'><strong>stimonie</strong></span> <span class='ocrx_word' id='word_1_10' title='bbox 457 726 507 812; x_wconf 91' lang='lat' dir='ltr'><strong>qui</strong></span> <span class='ocrx_word' id='word_1_11' title='bbox 530 722 566 786; x_wconf 90' lang='lat' dir='ltr'><strong>de</strong></span> <span class='ocrx_word' id='word_1_12' title='bbox 587 721 658 787; x_wconf 88' lang='lat' dir='ltr'><strong>Jesu</strong></span> <span class='ocrx_word' id='word_1_13' title='bbox 686 725 717 788; x_wconf 89' lang='lat' dir='ltr'><strong>in</strong></span> <span class='ocrx_word' id='word_1_14' title='bbox 738 726 827 789; x_wconf 80' lang='lat' dir='ltr'><strong>vium</strong></span> <span class='ocrx_word' id='word_1_15' title='bbox 848 721 946 788; x_wconf 81' lang='lat' dir='ltr'><strong>reditu</strong></span> <span class='ocrx_word' id='word_1_16' title='bbox 967 723 1054 790; x_wconf 81' lang='lat' dir='ltr'><strong>fidem</strong></span> <span class='ocrx_word' id='word_1_17' title='bbox 1080 745 1163 790; x_wconf 88' lang='lat' dir='ltr'><strong>suam</strong></span> <span class='ocrx_word' id='word_1_18' title='bbox 1185 722 1414 809; x_wconf 79' lang='lat' dir='ltr'><strong>praestiterunt?</strong></span> 
     </span>
     <span class='ocr_line' id='line_1_3' title="bbox 299 847 1413 937; baseline -0.001 -25"><span class='ocrx_word' id='word_1_19' title='bbox 299 847 428 914; x_wconf 80' lang='lat' dir='ltr'><strong>Maxime</strong></span> <span class='ocrx_word' id='word_1_20' title='bbox 451 871 519 912; x_wconf 90' lang='lat' dir='ltr'><strong>sanc</strong></span> <span class='ocrx_word' id='word_1_21' title='bbox 542 860 643 912; x_wconf 90' lang='lat' dir='ltr'><strong>nostra</strong></span> <span class='ocrx_word' id='word_1_22' title='bbox 657 847 755 925; x_wconf 80' lang='lat' dir='ltr'><strong>refert,</strong></span> <span class='ocrx_word' id='word_1_23' title='bbox 778 861 813 911; x_wconf 91' lang='lat' dir='ltr'><strong>ut</strong></span> <span class='ocrx_word' id='word_1_24' title='bbox 827 849 897 912; x_wconf 88' lang='lat' dir='ltr'><strong>hacc</strong></span> <span class='ocrx_word' id='word_1_25' title='bbox 919 850 1085 912; x_wconf 87' lang='lat' dir='ltr'><strong>testimonia</strong></span> <span class='ocrx_word' id='word_1_26' title='bbox 1104 848 1180 910; x_wconf 88' lang='lat' dir='ltr'><strong>inter</strong></span> <span class='ocrx_word' id='word_1_27' title='bbox 1195 869 1225 910; x_wconf 92' lang='lat' dir='ltr'><strong>sc</strong></span> <span class='ocrx_word' id='word_1_28' title='bbox 1241 860 1413 937; x_wconf 82' lang='lat' dir='ltr'><strong>congruant,</strong></span> 
     </span>
     <span class='ocr_line' id='line_1_4' title="bbox 300 951 1413 1068; baseline -0.001 -31"><span class='ocrx_word' id='word_1_29' title='bbox 300 986 334 1037; x_wconf 90' lang='lat' dir='ltr'><strong>ut</strong></span> <span class='ocrx_word' id='word_1_30' title='bbox 356 973 436 1037; x_wconf 85' lang='lat' dir='ltr'><strong>nufla</strong></span> <span class='ocrx_word' id='word_1_31' title='bbox 457 973 498 1068; x_wconf 80' lang='lat' dir='ltr'><strong>ihi</strong></span> <span class='ocrx_word' id='word_1_32' title='bbox 521 972 714 1061; x_wconf 79' lang='lat' dir='ltr'>discrepantia</span> <span class='ocrx_word' id='word_1_33' title='bbox 737 951 910 1060; x_wconf 85' lang='lat' dir='ltr'><strong>compareat.</strong></span> <span class='ocrx_word' id='word_1_34' title='bbox 939 971 1004 1038; x_wconf 86' lang='lat' dir='ltr'><strong>Jam</strong></span> <span class='ocrx_word' id='word_1_35' title='bbox 1026 994 1096 1036; x_wconf 88' lang='lat' dir='ltr'><strong>vero</strong></span> <span class='ocrx_word' id='word_1_36' title='bbox 1115 971 1226 1037; x_wconf 88' lang='lat' dir='ltr'><strong>Paulus</strong></span> <span class='ocrx_word' id='word_1_37' title='bbox 1249 971 1287 1036; x_wconf 88' lang='lat' dir='ltr'><strong>ad</strong></span> <span class='ocrx_word' id='word_1_38' title='bbox 1309 971 1413 1036; x_wconf 85' lang='lat' dir='ltr'><strong>Corin·</strong></span> 
     </span>
     <span class='ocr_line' id='line_1_5' title="bbox 299 1092 1413 1185; baseline -0.003 -23"><span class='ocrx_word' id='word_1_39' title='bbox 299 1097 377 1162; x_wconf 87' lang='lat' dir='ltr'><strong>thios</strong></span> <span class='ocrx_word' id='word_1_40' title='bbox 401 1097 530 1162; x_wconf 88' lang='lat' dir='ltr'><strong>scribens</strong></span> <span class='ocrx_word' id='word_1_41' title='bbox 548 1094 655 1180; x_wconf 77' lang='lat' dir='ltr'><strong>(teor.</strong></span> <span class='ocrx_word' id='word_1_42' title='bbox 668 1096 736 1175; x_wconf 89' lang='lat' dir='ltr'><strong>XV,</strong></span> <span class='ocrx_word' id='word_1_43' title='bbox 754 1092 860 1181; x_wconf 79' lang='lat'>4-7)</span> <span class='ocrx_word' id='word_1_44' title='bbox 884 1102 959 1162; x_wconf 87' lang='lat' dir='ltr'><strong>inter</strong></span> <span class='ocrx_word' id='word_1_45' title='bbox 981 1097 1051 1161; x_wconf 91' lang='lat' dir='ltr'><strong>alias</strong></span> <span class='ocrx_word' id='word_1_46' title='bbox 1067 1095 1315 1184; x_wconf 82' lang='lat' dir='ltr'><strong>Christophanias,</strong></span> <span class='ocrx_word' id='word_1_47' title='bbox 1340 1119 1413 1185; x_wconf 84' lang='lat' dir='ltr'><strong>quas</strong></span> 
     </span>
     <span class='ocr_line' id='line_1_6' title="bbox 299 1221 1412 1311; baseline -0.001 -24"><span class='ocrx_word' id='word_1_48' title='bbox 299 1222 379 1287; x_wconf 89' lang='lat' dir='ltr'><strong>nulla</strong></span> <span class='ocrx_word' id='word_1_49' title='bbox 413 1245 502 1310; x_wconf 91' lang='lat' dir='ltr'><strong>opera</strong></span> <span class='ocrx_word' id='word_1_50' title='bbox 531 1245 597 1288; x_wconf 89' lang='lat' dir='ltr'><strong>cum</strong></span> <span class='ocrx_word' id='word_1_51' title='bbox 624 1224 876 1311; x_wconf 85' lang='lat' dir='ltr'><strong>Evangelistarum</strong></span> <span class='ocrx_word' id='word_1_52' title='bbox 909 1221 1125 1288; x_wconf 83' lang='lat' dir='ltr'><strong>narrationibus</strong></span> <span class='ocrx_word' id='word_1_53' title='bbox 1153 1222 1304 1286; x_wconf 87' lang='lat' dir='ltr'><strong>conciliare</strong></span> <span class='ocrx_word' id='word_1_54' title='bbox 1337 1222 1412 1300; x_wconf 85' lang='lat' dir='ltr'><strong>licet,</strong></span> 
     </span>
     <span class='ocr_line' id='line_1_7' title="bbox 300 1342 1413 1438; baseline -0.002 -27"><span class='ocrx_word' id='word_1_55' title='bbox 300 1369 388 1412; x_wconf 87' lang='lat' dir='ltr'><strong>unam</strong></span> <span class='ocrx_word' id='word_1_56' title='bbox 411 1362 591 1426; x_wconf 83' lang='lat' dir='ltr'><strong>annumeret,</strong></span> <span class='ocrx_word' id='word_1_57' title='bbox 616 1347 652 1413; x_wconf 91' lang='lat' dir='ltr'><strong>de</strong></span> <span class='ocrx_word' id='word_1_58' title='bbox 675 1371 733 1438; x_wconf 88' lang='lat' dir='ltr'><strong>qua</strong></span> <span class='ocrx_word' id='word_1_59' title='bbox 754 1349 803 1426; x_wconf 88' lang='lat' dir='ltr'><strong>illi,</strong></span> <span class='ocrx_word' id='word_1_60' title='bbox 828 1361 862 1413; x_wconf 84' lang='lat' dir='ltr'><strong>ut</strong></span> <span class='ocrx_word' id='word_1_61' title='bbox 876 1348 1000 1425; x_wconf 86' lang='lat' dir='ltr'><strong>videtur,</strong></span> <span class='ocrx_word' id='word_1_62' title='bbox 1024 1369 1146 1434; x_wconf 86' lang='lat' dir='ltr'><strong>prorsus</strong></span> <span class='ocrx_word' id='word_1_63' title='bbox 1168 1360 1281 1412; x_wconf 84' lang='lat' dir='ltr'><strong>tacent:</strong></span> <span class='ocrx_word' id='word_1_64' title='bbox 1305 1342 1413 1411; x_wconf 77' lang='grc' dir='ltr'><strong><em>ἔπειτα</em></strong></span> 
     </span>
     <span class='ocr_line' id='line_1_8' title="bbox 300 1463 1414 1563; baseline 0.002 -27"><span class='ocrx_word' id='word_1_65' title='bbox 300 1469 400 1558; x_wconf 73' lang='grc' dir='ltr'><strong>ὤφθη</strong></span> <span class='ocrx_word' id='word_1_66' title='bbox 413 1463 562 1560; x_wconf 76' lang='grc' dir='ltr'><strong>Ἰακώβῳ.</strong></span> <span class='ocrx_word' id='word_1_67' title='bbox 585 1473 721 1540; x_wconf 78' lang='lat' dir='ltr'><strong>Profecto</strong></span> <span class='ocrx_word' id='word_1_68' title='bbox 737 1475 808 1539; x_wconf 88' lang='lat' dir='ltr'><strong>nihil</strong></span> <span class='ocrx_word' id='word_1_69' title='bbox 828 1473 950 1562; x_wconf 87' lang='lat' dir='ltr'><strong>impedit</strong></span> <span class='ocrx_word' id='word_1_70' title='bbox 963 1476 1119 1563; x_wconf 87' lang='lat' dir='ltr'><strong>quominus</strong></span> <span class='ocrx_word' id='word_1_71' title='bbox 1139 1473 1211 1538; x_wconf 89' lang='lat' dir='ltr'><strong>haec</strong></span> <span class='ocrx_word' id='word_1_72' title='bbox 1225 1495 1295 1538; x_wconf 85' lang='lat' dir='ltr'><strong>vera</strong></span> <span class='ocrx_word' id='word_1_73' title='bbox 1312 1471 1414 1538; x_wconf 82' lang='lat' dir='ltr'><strong>fuisset</strong></span> 
     </span>
     <span class='ocr_line' id='line_1_9' title="bbox 299 1597 1412 1690; baseline -0.001 -28"><span class='ocrx_word' id='word_1_74' title='bbox 299 1597 502 1676; x_wconf 68' lang='lat' dir='ltr'><strong>matrifestatin</strong></span> <span class='ocrx_word' id='word_1_75' title='bbox 522 1603 632 1663; x_wconf 67' lang='lat' dir='ltr'><strong>etiamn</strong></span> <span class='ocrx_word' id='word_1_76' title='bbox 646 1599 848 1690; x_wconf 82' lang='lat' dir='ltr'><strong>Evangelistae</strong></span> <span class='ocrx_word' id='word_1_77' title='bbox 863 1621 926 1664; x_wconf 88' lang='lat' dir='ltr'><strong>cam</strong></span> <span class='ocrx_word' id='word_1_78' title='bbox 941 1599 987 1664; x_wconf 90' lang='lat' dir='ltr'><strong>vel</strong></span> <span class='ocrx_word' id='word_1_79' title='bbox 1003 1599 1136 1664; x_wconf 77' lang='lat' dir='ltr'><strong>consulte</strong></span> <span class='ocrx_word' id='word_1_80' title='bbox 1152 1599 1198 1664; x_wconf 86' lang='lat' dir='ltr'><strong>vel</strong></span> <span class='ocrx_word' id='word_1_81' title='bbox 1214 1597 1412 1684; x_wconf 77' lang='lat' dir='ltr'><strong>imprudentes</strong></span> 
     </span>
     <span class='ocr_line' id='line_1_10' title="bbox 300 1721 1413 1814; baseline -0.002 -26"><span class='ocrx_word' id='word_1_82' title='bbox 300 1727 472 1789; x_wconf 87' lang='lat' dir='ltr'><strong>omisissent.</strong></span> <span class='ocrx_word' id='word_1_83' title='bbox 522 1723 565 1788; x_wconf 87' lang='lat' dir='ltr'><strong>At</strong></span> <span class='ocrx_word' id='word_1_84' title='bbox 595 1725 739 1790; x_wconf 78' lang='lat' dir='ltr'><strong>enimvero</strong></span> <span class='ocrx_word' id='word_1_85' title='bbox 766 1727 853 1814; x_wconf 80' lang='lat' dir='ltr'><strong>longe</strong></span> <span class='ocrx_word' id='word_1_86' title='bbox 885 1726 1025 1811; x_wconf 88' lang='lat' dir='ltr'><strong>majorem</strong></span> <span class='ocrx_word' id='word_1_87' title='bbox 1058 1727 1204 1812; x_wconf 85' lang='lat' dir='ltr'><strong>utrisque,</strong></span> <span class='ocrx_word' id='word_1_88' title='bbox 1232 1736 1293 1786; x_wconf 73' lang='lat' dir='ltr'><strong>mm</strong></span> <span class='ocrx_word' id='word_1_89' title='bbox 1320 1721 1413 1786; x_wconf 86' lang='lat' dir='ltr'><strong>Paule</strong></span> 
     </span>
     <span class='ocr_line' id='line_1_11' title="bbox 300 1847 1412 1937; baseline 0 -25"><span class='ocrx_word' id='word_1_90' title='bbox 300 1871 387 1937; x_wconf 87' lang='lat' dir='ltr'><strong>quam</strong></span> <span class='ocrx_word' id='word_1_91' title='bbox 410 1849 568 1926; x_wconf 69' lang='lat' dir='ltr'><strong>historicis,</strong></span> <span class='ocrx_word' id='word_1_92' title='bbox 592 1849 679 1913; x_wconf 83' lang='lat' dir='ltr'><strong>fidem</strong></span> <span class='ocrx_word' id='word_1_93' title='bbox 701 1849 852 1927; x_wconf 84' lang='lat' dir='ltr'><strong>faciemus,</strong></span> <span class='ocrx_word' id='word_1_94' title='bbox 877 1853 901 1914; x_wconf 83' lang='lat' dir='ltr'><strong>si</strong></span> <span class='ocrx_word' id='word_1_95' title='bbox 924 1853 1055 1914; x_wconf 82' lang='lat' dir='ltr'><strong>evincere</strong></span> <span class='ocrx_word' id='word_1_96' title='bbox 1077 1869 1235 1934; x_wconf 87' lang='lat' dir='ltr'><strong>possumus</strong></span> <span class='ocrx_word' id='word_1_97' title='bbox 1256 1870 1293 1912; x_wconf 92' lang='lat' dir='ltr'><strong>nc</strong></span> <span class='ocrx_word' id='word_1_98' title='bbox 1315 1847 1412 1912; x_wconf 83' lang='lat' dir='ltr'><strong>Evan-</strong></span> 
     </span>
     <span class='ocr_line' id='line_1_12' title="bbox 300 1967 1413 2060; baseline 0.001 -23"><span class='ocrx_word' id='word_1_99' title='bbox 300 1974 416 2060; x_wconf 78' lang='lat' dir='ltr'><strong>gelistas</strong></span> <span class='ocrx_word' id='word_1_100' title='bbox 440 1971 556 2060; x_wconf 88' lang='lat' dir='ltr'><strong>quidem</strong></span> <span class='ocrx_word' id='word_1_101' title='bbox 583 1973 620 2037; x_wconf 85' lang='lat' dir='ltr'><strong>ad</strong></span> <span class='ocrx_word' id='word_1_102' title='bbox 647 1995 739 2038; x_wconf 79' lang='lat' dir='ltr'><strong>tanum</strong></span> <span class='ocrx_word' id='word_1_103' title='bbox 762 1995 861 2038; x_wconf 89' lang='lat' dir='ltr'><strong>omues</strong></span> <span class='ocrx_word' id='word_1_104' title='bbox 890 1975 968 2038; x_wconf 88' lang='lat' dir='ltr'><strong>illam</strong></span> <span class='ocrx_word' id='word_1_105' title='bbox 989 1972 1091 2038; x_wconf 86' lang='lat' dir='ltr'><strong>Jacohi</strong></span> <span class='ocrx_word' id='word_1_106' title='bbox 1113 1967 1278 2058; x_wconf 78' lang='grc' dir='ltr'><strong><em>αὖτοψλαν</em></strong></span> <span class='ocrx_word' id='word_1_107' title='bbox 1299 1973 1413 2038; x_wconf 81' lang='lat' dir='ltr'><strong>silentio</strong></span> 
     </span>
     <span class='ocr_line' id='line_1_13' title="bbox 300 2096 1414 2188; baseline 0.001 -26"><span class='ocrx_word' id='word_1_108' title='bbox 300 2101 535 2184; x_wconf 82' lang='lat' dir='ltr'><strong>praetermisisse.</strong></span> <span class='ocrx_word' id='word_1_109' title='bbox 583 2096 669 2173; x_wconf 82' lang='lat' dir='ltr'><strong>Quod</strong></span> <span class='ocrx_word' id='word_1_110' title='bbox 697 2097 830 2188; x_wconf 87' lang='lat' dir='ltr'><strong>equidem</strong></span> <span class='ocrx_word' id='word_1_111' title='bbox 859 2101 944 2163; x_wconf 81' lang='lat' dir='ltr'><strong>certis</strong></span> <span class='ocrx_word' id='word_1_112' title='bbox 971 2097 1160 2187; x_wconf 67' lang='lat' dir='ltr'><strong>quibusdam,</strong></span> <span class='ocrx_word' id='word_1_113' title='bbox 1185 2101 1239 2162; x_wconf 84' lang='lat' dir='ltr'><strong>etsi</strong></span> <span class='ocrx_word' id='word_1_114' title='bbox 1265 2098 1346 2162; x_wconf 89' lang='lat' dir='ltr'><strong>hand</strong></span> <span class='ocrx_word' id='word_1_115' title='bbox 1373 2101 1414 2164; x_wconf 83' lang='lat' dir='ltr'><strong>ita</strong></span> 
     </span>
     <span class='ocr_line' id='line_1_14' title="bbox 299 2221 1411 2310; baseline 0.002 -24"><span class='ocrx_word' id='word_1_116' title='bbox 299 2221 473 2300; x_wconf 82' lang='lat' dir='ltr'><strong>manifestis,</strong></span> <span class='ocrx_word' id='word_1_117' title='bbox 503 2223 632 2310; x_wconf 82' lang='lat' dir='ltr'><strong>vestigiis</strong></span> <span class='ocrx_word' id='word_1_118' title='bbox 659 2242 759 2289; x_wconf 88' lang='lat' dir='ltr'><strong>eruere</strong></span> <span class='ocrx_word' id='word_1_119' title='bbox 787 2223 925 2288; x_wconf 86' lang='lat' dir='ltr'><strong>conabor.</strong></span> <span class='ocrx_word' id='word_1_120' title='bbox 973 2221 1060 2298; x_wconf 86' lang='lat' dir='ltr'><strong>Quod</strong></span> <span class='ocrx_word' id='word_1_121' title='bbox 1088 2226 1113 2288; x_wconf 90' lang='lat' dir='ltr'><strong>si</strong></span> <span class='ocrx_word' id='word_1_122' title='bbox 1141 2227 1291 2288; x_wconf 84' lang='lat' dir='ltr'><strong>assecutus</strong></span> <span class='ocrx_word' id='word_1_123' title='bbox 1319 2223 1411 2300; x_wconf 83' lang='lat' dir='ltr'><strong>fuero,</strong></span> 
     </span>
     <span class='ocr_line' id='line_1_15' title="bbox 300 2340 1411 2436; baseline 0 -24"><span class='ocrx_word' id='word_1_124' title='bbox 300 2371 360 2412; x_wconf 90' lang='lat' dir='ltr'><strong>non</strong></span> <span class='ocrx_word' id='word_1_125' title='bbox 387 2347 475 2412; x_wconf 87' lang='lat' dir='ltr'><strong>modo</strong></span> <span class='ocrx_word' id='word_1_126' title='bbox 499 2340 724 2436; x_wconf 79' lang='lat' dir='ltr'><strong>locupletissimo</strong></span> <span class='ocrx_word' id='word_1_127' title='bbox 748 2352 830 2428; x_wconf 82' lang='lat' dir='ltr'><strong>testi,</strong></span> <span class='ocrx_word' id='word_1_128' title='bbox 853 2350 962 2428; x_wconf 88' lang='lat' dir='ltr'><strong>Paulo,</strong></span> <span class='ocrx_word' id='word_1_129' title='bbox 990 2371 1044 2414; x_wconf 85' lang='lat' dir='ltr'><strong>sua</strong></span> <span class='ocrx_word' id='word_1_130' title='bbox 1068 2347 1218 2414; x_wconf 73' lang='lat' dir='ltr'><strong>constabit</strong></span> <span class='ocrx_word' id='word_1_131' title='bbox 1244 2351 1411 2424; x_wconf 84' lang='lat' dir='ltr'><strong>auctoritas,</strong></span> 
     </span>
     <span class='ocr_line' id='line_1_16' title="bbox 300 2473 1414 2562; baseline 0 -25"><span class='ocrx_word' id='word_1_132' title='bbox 300 2495 401 2538; x_wconf 78' lang='lat' dir='ltr'><strong>verum</strong></span> <span class='ocrx_word' id='word_1_133' title='bbox 416 2476 502 2542; x_wconf 87' lang='lat' dir='ltr'><strong>etiam</strong></span> <span class='ocrx_word' id='word_1_134' title='bbox 517 2473 706 2540; x_wconf 69' lang='lat' dir='ltr'><strong>confiterere</strong></span> <span class='ocrx_word' id='word_1_135' title='bbox 720 2475 818 2540; x_wconf 51' lang='lat' dir='ltr'><strong>¹fictam</strong></span> <span class='ocrx_word' id='word_1_136' title='bbox 840 2477 919 2542; x_wconf 89' lang='lat' dir='ltr'><strong>illam</strong></span> <span class='ocrx_word' id='word_1_137' title='bbox 942 2499 975 2541; x_wconf 90' lang='lat' dir='ltr'><strong>ac</strong></span> <span class='ocrx_word' id='word_1_138' title='bbox 991 2475 1102 2540; x_wconf 77' lang='lat' dir='ltr'><strong>futilem</strong></span> <span class='ocrx_word' id='word_1_139' title='bbox 1117 2473 1310 2551; x_wconf 81' lang='lat' dir='ltr'><strong>uaditionem,</strong></span> <span class='ocrx_word' id='word_1_140' title='bbox 1326 2497 1414 2562; x_wconf 88' lang='lat' dir='ltr'><strong>quam</strong></span> 
     </span>
     <span class='ocr_line' id='line_1_17' title="bbox 301 2599 1413 2688; baseline 0 -24"><span class='ocrx_word' id='word_1_141' title='bbox 301 2621 339 2664; x_wconf 89' lang='lat' dir='ltr'><strong>ex</strong></span> <span class='ocrx_word' id='word_1_142' title='bbox 352 2599 528 2688; x_wconf 79' lang='lat' dir='ltr'><strong>Evangelico</strong></span> <span class='ocrx_word' id='word_1_143' title='bbox 551 2599 711 2666; x_wconf 84' lang='lat' dir='ltr'><strong>secundum</strong></span> <span class='ocrx_word' id='word_1_144' title='bbox 731 2599 882 2668; x_wconf 83' lang='lat' dir='ltr'><strong>Hebraeos</strong></span> <span class='ocrx_word' id='word_1_145' title='bbox 904 2603 1004 2666; x_wconf 87' lang='lat' dir='ltr'><strong>citavit</strong></span> <span class='ocrx_word' id='word_1_146' title='bbox 1017 2600 1224 2688; x_wconf 83' lang='lat' dir='ltr'><strong>Hieronymus,</strong></span> <span class='ocrx_word' id='word_1_147' title='bbox 1248 2599 1296 2664; x_wconf 89' lang='lat' dir='ltr'><strong>alli</strong></span> <span class='ocrx_word' id='word_1_148' title='bbox 1316 2611 1413 2664; x_wconf 83' lang='lat' dir='ltr'><strong>autern</strong></span> 
     </span>
    </p>
   </div>
   <div class='ocr_carea' id='block_1_2' title="bbox 300 2718 1415 2816">
    <p class='ocr_par' dir='ltr' id='par_1_2' title="bbox 300 2718 1415 2816">
     <span class='ocr_line' id='line_1_18' title="bbox 300 2718 1415 2816; baseline -0.002 -27"><span class='ocrx_word' id='word_1_149' title='bbox 300 2726 358 2789; x_wconf 90' lang='lat' dir='ltr'><strong>huc</strong></span> <span class='ocrx_word' id='word_1_150' title='bbox 380 2727 500 2789; x_wconf 87' lang='lat' dir='ltr'><strong>relatam</strong></span> <span class='ocrx_word' id='word_1_151' title='bbox 522 2726 688 2790; x_wconf 84' lang='lat' dir='ltr'><strong>voluerunt.</strong></span> <span class='ocrx_word' id='word_1_152' title='bbox 718 2726 764 2790; x_wconf 86' lang='lat' dir='ltr'><strong>Ac</strong></span> <span class='ocrx_word' id='word_1_153' title='bbox 785 2718 912 2812; x_wconf 85' lang='lat' dir='ltr'><strong>primum</strong></span> <span class='ocrx_word' id='word_1_154' title='bbox 934 2727 1050 2816; x_wconf 83' lang='lat' dir='ltr'><strong>quidem</strong></span> <span class='ocrx_word' id='word_1_155' title='bbox 1073 2747 1162 2813; x_wconf 88' lang='lat' dir='ltr'><strong>opera</strong></span> <span class='ocrx_word' id='word_1_156' title='bbox 1185 2723 1282 2789; x_wconf 79' lang='lat' dir='ltr'><strong>danda</strong></span> <span class='ocrx_word' id='word_1_157' title='bbox 1304 2737 1357 2800; x_wconf 77' lang='lat' dir='ltr'><strong>eat,</strong></span> <span class='ocrx_word' id='word_1_158' title='bbox 1380 2736 1415 2788; x_wconf 90' lang='lat' dir='ltr'><strong>ut</strong></span> 
     </span>
    </p>
   </div>
   <div class='ocr_carea' id='block_1_3' title="bbox 299 2849 1413 2940">
    <p class='ocr_par' dir='ltr' id='par_1_3' title="bbox 299 2849 1413 2940">
     <span class='ocr_line' id='line_1_19' title="bbox 299 2849 1413 2940; baseline -0.002 -26"><span class='ocrx_word' id='word_1_159' title='bbox 299 2850 506 2938; x_wconf 78' lang='lat' dir='ltr'><strong>intelligamus,</strong></span> <span class='ocrx_word' id='word_1_160' title='bbox 531 2853 595 2938; x_wconf 85' lang='lat' dir='ltr'><strong>quis</strong></span> <span class='ocrx_word' id='word_1_161' title='bbox 625 2849 712 2915; x_wconf 83' lang='lat' dir='ltr'><strong>fuerit</strong></span> <span class='ocrx_word' id='word_1_162' title='bbox 738 2852 785 2918; x_wconf 90' lang='lat' dir='ltr'><strong>ille</strong></span> <span class='ocrx_word' id='word_1_163' title='bbox 808 2849 951 2929; x_wconf 78' lang='lat' dir='ltr'><strong>lacobus,</strong></span> <span class='ocrx_word' id='word_1_164' title='bbox 976 2873 1129 2940; x_wconf 79' lang='lat' dir='ltr'><strong>quemnam</strong></span> <span class='ocrx_word' id='word_1_165' title='bbox 1155 2854 1231 2914; x_wconf 88' lang='lat' dir='ltr'><strong>inter</strong></span> <span class='ocrx_word' id='word_1_166' title='bbox 1252 2849 1413 2936; x_wconf 81' lang='lat' dir='ltr'><strong>Apostolos</strong></span> 
     </span>
    </p>
   </div>
   <div class='ocr_carea' id='block_1_4' title="bbox 300 2972 1570 3068">
    <p class='ocr_par' dir='ltr' id='par_1_4' title="bbox 300 2972 1570 3068">
     <span class='ocr_line' id='line_1_20' title="bbox 300 2972 1570 3068; baseline 0.006 -29"><span class='ocrx_word' id='word_1_167' title='bbox 300 2976 397 3040; x_wconf 86' lang='lat' dir='ltr'><strong>loctun</strong></span> <span class='ocrx_word' id='word_1_168' title='bbox 412 2972 570 3040; x_wconf 86' lang='lat' dir='ltr'><strong>obtineret:</strong></span> <span class='ocrx_word' id='word_1_169' title='bbox 592 2996 687 3063; x_wconf 89' lang='lat' dir='ltr'><strong>neque</strong></span> <span class='ocrx_word' id='word_1_170' title='bbox 702 2980 777 3040; x_wconf 89' lang='lat' dir='ltr'><strong>enim</strong></span> <span class='ocrx_word' id='word_1_171' title='bbox 792 2981 926 3066; x_wconf 80' lang='lat' dir='ltr'><strong>cuiquam</strong></span> <span class='ocrx_word' id='word_1_172' title='bbox 946 2976 1042 3042; x_wconf 84' lang='lat' dir='ltr'><strong>adhuc</strong></span> <span class='ocrx_word' id='word_1_173' title='bbox 1056 2989 1238 3064; x_wconf 86' lang='lat' dir='ltr'><strong>compertum</strong></span> <span class='ocrx_word' id='word_1_174' title='bbox 1256 2987 1310 3053; x_wconf 87' lang='lat' dir='ltr'><strong>est,</strong></span> <span class='ocrx_word' id='word_1_175' title='bbox 1327 2995 1414 3064; x_wconf 68' lang='lat' dir='ltr'><strong>ptam</strong></span> <span class='ocrx_word' id='word_1_176' title='bbox 1467 3063 1468 3068; x_wconf 8' lang='grc' dir='ltr'>ἵ</span> <span class='ocrx_word' id='word_1_177' title='bbox 1569 3041 1570 3046; x_wconf 73' lang='grc'>,</span> 
     </span>
    </p>
   </div>
   <div class='ocr_carea' id='block_1_5' title="bbox 300 3099 1414 3440">
    <p class='ocr_par' dir='ltr' id='par_1_5' title="bbox 300 3099 1414 3440">
     <span class='ocr_line' id='line_1_21' title="bbox 300 3099 1414 3189; baseline -0.002 -24"><span class='ocrx_word' id='word_1_178' title='bbox 300 3104 376 3165; x_wconf 84' lang='lat' dir='ltr'><strong>inter</strong></span> <span class='ocrx_word' id='word_1_179' title='bbox 397 3122 460 3164; x_wconf 87' lang='lat' dir='ltr'><strong>sese</strong></span> <span class='ocrx_word' id='word_1_180' title='bbox 483 3103 684 3186; x_wconf 83' lang='lat' dir='ltr'><strong>cognationem</strong></span> <span class='ocrx_word' id='word_1_181' title='bbox 707 3102 849 3167; x_wconf 84' lang='lat' dir='ltr'><strong>haherent</strong></span> <span class='ocrx_word' id='word_1_182' title='bbox 871 3105 1016 3189; x_wconf 89' lang='lat' dir='ltr'><strong>principes</strong></span> <span class='ocrx_word' id='word_1_183' title='bbox 1038 3102 1079 3166; x_wconf 91' lang='lat' dir='ltr'><strong>illi</strong></span> <span class='ocrx_word' id='word_1_184' title='bbox 1101 3100 1266 3168; x_wconf 71' lang='lat' dir='ltr'><strong>servatoris</strong></span> <span class='ocrx_word' id='word_1_185' title='bbox 1289 3099 1414 3164; x_wconf 87' lang='lat' dir='ltr'><strong>asseclae</strong></span> 
     </span>
     <span class='ocr_line' id='line_1_22' title="bbox 301 3224 1413 3316; baseline 0 -26"><span class='ocrx_word' id='word_1_186' title='bbox 301 3238 330 3290; x_wconf 92' lang='lat' dir='ltr'><strong>et</strong></span> <span class='ocrx_word' id='word_1_187' title='bbox 350 3227 481 3290; x_wconf 88' lang='lat' dir='ltr'><strong>ministri.</strong></span> <span class='ocrx_word' id='word_1_188' title='bbox 521 3224 670 3291; x_wconf 84' lang='lat' dir='ltr'><strong>Habemus</strong></span> <span class='ocrx_word' id='word_1_189' title='bbox 693 3231 794 3316; x_wconf 87' lang='lat' dir='ltr'><strong>ntique</strong></span> <span class='ocrx_word' id='word_1_190' title='bbox 816 3241 885 3305; x_wconf 88' lang='lat' dir='ltr'><strong>tres,</strong></span> <span class='ocrx_word' id='word_1_191' title='bbox 911 3249 1018 3316; x_wconf 69' lang='lat' dir='ltr'><strong>cosmae</strong></span> <span class='ocrx_word' id='word_1_192' title='bbox 1039 3251 1099 3292; x_wconf 89' lang='lat' dir='ltr'><strong>non</strong></span> <span class='ocrx_word' id='word_1_193' title='bbox 1120 3227 1159 3292; x_wconf 90' lang='lat' dir='ltr'><strong>ad</strong></span> <span class='ocrx_word' id='word_1_194' title='bbox 1181 3230 1320 3295; x_wconf 85' lang='lat' dir='ltr'><strong>amussim</strong></span> <span class='ocrx_word' id='word_1_195' title='bbox 1341 3247 1413 3291; x_wconf 88' lang='lat' dir='ltr'><strong>con·</strong></span> 
     </span>
     <span class='ocr_line' id='line_1_23' title="bbox 300 3351 1008 3440; baseline 0.003 -24"><span class='ocrx_word' id='word_1_196' title='bbox 300 3364 452 3436; x_wconf 82' lang='lat' dir='ltr'><strong>gruentes‚</strong></span> <span class='ocrx_word' id='word_1_197' title='bbox 477 3351 630 3418; x_wconf 88' lang='lat' dir='ltr'><strong>duodecim</strong></span> <span class='ocrx_word' id='word_1_198' title='bbox 650 3351 863 3440; x_wconf 85' lang='lat' dir='ltr'><strong>Apostolorum</strong></span> <span class='ocrx_word' id='word_1_199' title='bbox 885 3353 1008 3418; x_wconf 87' lang='lat' dir='ltr'><strong>indices:</strong></span> 
     </span>
    </p>
   </div>
   <div class='ocr_carea' id='block_1_6' title="bbox 370 3551 1364 3619">
    <p class='ocr_par' dir='ltr' id='par_1_6' title="bbox 370 3551 1364 3619">
     <span class='ocr_line' id='line_1_24' title="bbox 370 3551 1364 3619; baseline -0.002 -13"><span class='ocrx_word' id='word_1_200' title='bbox 370 3552 456 3606; x_wconf 76' lang='lat' dir='ltr'><strong>March.</strong></span> <span class='ocrx_word' id='word_1_201' title='bbox 468 3553 500 3617; x_wconf 83' lang='lat' dir='ltr'><strong>X,</strong></span> <span class='ocrx_word' id='word_1_202' title='bbox 513 3552 600 3607; x_wconf 79' lang='lat'><strong>2—4.</strong></span> <span class='ocrx_word' id='word_1_203' title='bbox 725 3554 797 3608; x_wconf 82' lang='lat' dir='ltr'><strong>Marc</strong></span> <span class='ocrx_word' id='word_1_204' title='bbox 813 3552 857 3619; x_wconf 88' lang='lat' dir='ltr'><strong>tlt,</strong></span> <span class='ocrx_word' id='word_1_205' title='bbox 874 3553 989 3608; x_wconf 83' lang='lat'>16-19.</span> <span class='ocrx_word' id='word_1_206' title='bbox 1091 3552 1203 3618; x_wconf 80' lang='lat' dir='ltr'><strong>Lucvl,</strong></span> <span class='ocrx_word' id='word_1_207' title='bbox 1222 3551 1364 3616; x_wconf 76' lang='lat'>14-161).</span> 
     </span>
    </p>
   </div>
   <div class='ocr_carea' id='block_1_7' title="bbox 318 3687 1315 4294">
    <p class='ocr_par' dir='ltr' id='par_1_7' title="bbox 318 3687 1315 4294">
     <span class='ocr_line' id='line_1_25' title="bbox 321 3687 1315 3764; baseline -0.001 -24"><span class='ocrx_word' id='word_1_208' title='bbox 321 3687 343 3740; x_wconf 91' lang='lat'><strong>1.</strong></span> <span class='ocrx_word' id='word_1_209' title='bbox 361 3688 455 3756; x_wconf 80' lang='grc' dir='ltr'><em>Σίμων</em></span> <span class='ocrx_word' id='word_1_210' title='bbox 473 3689 569 3764; x_wconf 74' lang='grc' dir='ltr'><strong><em>Πέτρος</em></strong></span> <span class='ocrx_word' id='word_1_211' title='bbox 694 3689 716 3742; x_wconf 93' lang='lat' dir='ltr'><strong>l.</strong></span> <span class='ocrx_word' id='word_1_212' title='bbox 735 3691 829 3760; x_wconf 77' lang='grc' dir='ltr'><em>Σίμων</em></span> <span class='ocrx_word' id='word_1_213' title='bbox 846 3687 942 3761; x_wconf 72' lang='grc' dir='ltr'><strong><em>Πέτρος</em></strong></span> <span class='ocrx_word' id='word_1_214' title='bbox 1065 3687 1087 3741; x_wconf 88' lang='lat' dir='ltr'><strong>l.</strong></span> <span class='ocrx_word' id='word_1_215' title='bbox 1106 3689 1200 3754; x_wconf 69' lang='grc' dir='ltr'><em>Σίμων</em></span> <span class='ocrx_word' id='word_1_216' title='bbox 1217 3687 1315 3756; x_wconf 73' lang='grc' dir='ltr'><strong><em>Πέτρος</em></strong></span> 
     </span>
     <span class='ocr_line' id='line_1_26' title="bbox 318 3792 1224 3867; baseline 0.001 -21"><span class='ocrx_word' id='word_1_217' title='bbox 318 3792 343 3846; x_wconf 78' lang='lat'><strong>2.</strong></span> <span class='ocrx_word' id='word_1_218' title='bbox 357 3793 481 3863; x_wconf 74' lang='grc' dir='ltr'><strong>Ἀνδρέας</strong></span> <span class='ocrx_word' id='word_1_219' title='bbox 690 3793 715 3846; x_wconf 84' lang='grc'><strong>2.</strong></span> <span class='ocrx_word' id='word_1_220' title='bbox 729 3792 1030 3863; x_wconf 71' lang='grc' dir='ltr'><strong><em>Ἰάκωβοςὸῑεβοδαλοο</em></strong></span> <span class='ocrx_word' id='word_1_221' title='bbox 1060 3792 1085 3846; x_wconf 80' lang='lat'><strong>2.</strong></span> <span class='ocrx_word' id='word_1_222' title='bbox 1099 3792 1224 3867; x_wconf 73' lang='grc' dir='ltr'><strong>Ἀνδρέας</strong></span> 
     </span>
     <span class='ocr_line' id='line_1_27' title="bbox 319 3895 1222 3971; baseline 0 -17"><span class='ocrx_word' id='word_1_223' title='bbox 319 3897 343 3954; x_wconf 87' lang='grc'><strong>3.</strong></span> <span class='ocrx_word' id='word_1_224' title='bbox 358 3899 663 3971; x_wconf 71' lang='grc' dir='ltr'><strong><em>ἸάκωβοςόΖεβαλαλοα</em></strong></span> <span class='ocrx_word' id='word_1_225' title='bbox 690 3899 714 3954; x_wconf 89' lang='grc'><strong>3.</strong></span> <span class='ocrx_word' id='word_1_226' title='bbox 729 3900 852 3966; x_wconf 70' lang='grc' dir='ltr'><em>Ἰωάννης</em></span> <span class='ocrx_word' id='word_1_227' title='bbox 1061 3895 1087 3955; x_wconf 87' lang='grc'><strong>3.</strong></span> <span class='ocrx_word' id='word_1_228' title='bbox 1100 3899 1222 3969; x_wconf 73' lang='grc' dir='ltr'><strong><em>Ἰάκωβος</em></strong></span> 
     </span>
     <span class='ocr_line' id='line_1_28' title="bbox 318 4005 1237 4081; baseline 0 -21"><span class='ocrx_word' id='word_1_229' title='bbox 318 4007 344 4060; x_wconf 85' lang='grc'><strong>4.</strong></span> <span class='ocrx_word' id='word_1_230' title='bbox 357 4007 479 4076; x_wconf 67' lang='lat' dir='ltr'><strong>&#39;tudam</strong></span> <span class='ocrx_word' id='word_1_231' title='bbox 690 4005 715 4060; x_wconf 82' lang='lat'><strong>4.</strong></span> <span class='ocrx_word' id='word_1_232' title='bbox 731 4005 854 4081; x_wconf 75' lang='grc' dir='ltr'><strong>Ἀνδρέας</strong></span> <span class='ocrx_word' id='word_1_233' title='bbox 1060 4005 1085 4060; x_wconf 85' lang='grc'><strong>4.</strong></span> <span class='ocrx_word' id='word_1_234' title='bbox 1101 4006 1237 4074; x_wconf 75' lang='grc' dir='ltr'><strong>Ἰαάνννης</strong></span> 
     </span>
     <span class='ocr_line' id='line_1_29' title="bbox 319 4113 1235 4174; baseline 0.001 -7"><span class='ocrx_word' id='word_1_235' title='bbox 319 4115 343 4167; x_wconf 86' lang='lat'><strong>5.</strong></span> <span class='ocrx_word' id='word_1_236' title='bbox 365 4117 494 4174; x_wconf 66' lang='grc' dir='ltr'><strong><em>Φίλιππος</em></strong></span> <span class='ocrx_word' id='word_1_237' title='bbox 691 4113 716 4166; x_wconf 86' lang='grc'><strong>5.</strong></span> <span class='ocrx_word' id='word_1_238' title='bbox 738 4115 870 4172; x_wconf 78' lang='grc' dir='ltr'><strong><em>Φλλιααος</em></strong></span> <span class='ocrx_word' id='word_1_239' title='bbox 1061 4114 1086 4167; x_wconf 82' lang='grc'><strong>6.</strong></span> <span class='ocrx_word' id='word_1_240' title='bbox 1107 4115 1235 4174; x_wconf 74' lang='grc' dir='ltr'><strong>Φίλιππος</strong></span> 
     </span>
     <span class='ocr_line' id='line_1_30' title="bbox 320 4219 1307 4294; baseline 0 -18"><span class='ocrx_word' id='word_1_241' title='bbox 320 4222 344 4276; x_wconf 89' lang='grc'><strong>6.</strong></span> <span class='ocrx_word' id='word_1_242' title='bbox 363 4224 569 4294; x_wconf 69' lang='grc' dir='ltr'><strong>Βαρθολομαῖος</strong></span> <span class='ocrx_word' id='word_1_243' title='bbox 688 4219 713 4276; x_wconf 89' lang='grc'><strong>6.</strong></span> <span class='ocrx_word' id='word_1_244' title='bbox 731 4222 936 4292; x_wconf 70' lang='grc' dir='ltr'><strong>Βαρθολομαῖος</strong></span> <span class='ocrx_word' id='word_1_245' title='bbox 1059 4220 1084 4274; x_wconf 89' lang='grc'><strong>6.</strong></span> <span class='ocrx_word' id='word_1_246' title='bbox 1102 4224 1307 4294; x_wconf 70' lang='grc' dir='ltr'><strong>Βαρθολομαῖος</strong></span> 
     </span>
    </p>
   </div>
   <div class='ocr_carea' id='block_1_8' title="bbox 302 4387 1413 4560">
    <p class='ocr_par' dir='ltr' id='par_1_8' title="bbox 302 4387 1413 4560">
     <span class='ocr_line' id='line_1_31' title="bbox 374 4387 1413 4461; baseline 0.001 -18"><span class='ocrx_word' id='word_1_247' title='bbox 374 4393 395 4456; x_wconf 82' lang='lat'><strong>¹)</strong></span> <span class='ocrx_word' id='word_1_248' title='bbox 418 4391 496 4444; x_wconf 87' lang='lat' dir='ltr'><strong>Lucae</strong></span> <span class='ocrx_word' id='word_1_249' title='bbox 514 4389 587 4444; x_wconf 84' lang='lat' dir='ltr'><strong>index</strong></span> <span class='ocrx_word' id='word_1_250' title='bbox 605 4387 665 4444; x_wconf 84' lang='lat' dir='ltr'><strong>alter</strong></span> <span class='ocrx_word' id='word_1_251' title='bbox 681 4399 719 4444; x_wconf 80' lang='lat' dir='ltr'><strong>cst</strong></span> <span class='ocrx_word' id='word_1_252' title='bbox 734 4387 908 4461; x_wconf 72' lang='lat' dir='ltr'><strong>(Ameposc</strong></span> <span class='ocrx_word' id='word_1_253' title='bbox 921 4387 951 4454; x_wconf 83' lang='lat' dir='ltr'><strong>ll,</strong></span> <span class='ocrx_word' id='word_1_254' title='bbox 963 4387 1012 4457; x_wconf 85' lang='lat'><strong>13),</strong></span> <span class='ocrx_word' id='word_1_255' title='bbox 1031 4391 1074 4461; x_wconf 89' lang='lat' dir='ltr'><strong>qui</strong></span> <span class='ocrx_word' id='word_1_256' title='bbox 1092 4389 1204 4444; x_wconf 74' lang='lat' dir='ltr'><strong>lucanota</strong></span> <span class='ocrx_word' id='word_1_257' title='bbox 1221 4392 1312 4445; x_wconf 84' lang='lat' dir='ltr'><strong>omisso</strong></span> <span class='ocrx_word' id='word_1_258' title='bbox 1331 4391 1413 4445; x_wconf 85' lang='lat' dir='ltr'><strong>eedem</strong></span> 
     </span>
     <span class='ocr_line' id='line_1_32' title="bbox 302 4485 934 4560; baseline -0.005 -17"><span class='ocrx_word' id='word_1_259' title='bbox 302 4491 400 4543; x_wconf 88' lang='lat' dir='ltr'><strong>nomina</strong></span> <span class='ocrx_word' id='word_1_260' title='bbox 417 4485 499 4542; x_wconf 75' lang='lat' dir='ltr'><strong>ordine</strong></span> <span class='ocrx_word' id='word_1_261' title='bbox 519 4485 668 4560; x_wconf 76' lang='lat' dir='ltr'><strong>aliquantum</strong></span> <span class='ocrx_word' id='word_1_262' title='bbox 683 4487 815 4542; x_wconf 77' lang='lat' dir='ltr'><strong>tenuate</strong></span> <span class='ocrx_word' id='word_1_263' title='bbox 830 4486 934 4542; x_wconf 69' lang='lat' dir='ltr'><strong>ultiltea</strong></span> 
     </span>
    </p>
   </div>
   <div class='ocr_carea' id='block_1_9' title="bbox 0 0 1589 5178">
    <p class='ocr_par' dir='ltr' id='par_1_9' title="bbox 0 0 1589 5178">
     <span class='ocr_line' id='line_1_33' title="bbox 0 0 1589 5178; baseline 0 0"><span class='ocrx_word' id='word_1_264' title='bbox 0 0 1589 5178; x_wconf 95' lang='lat' dir='ltr'><strong> </strong></span> 
     </span>
    </p>
   </div>
  </div>
 </body>
</html>
