3152 5160
733 309 945 427 *na—

325 527 400 611 Quia
423 526 516 592 fecisti
539 527 615 592 hanc
637 550 698 592 rem
723 522 809 610 (Gen.
826 525 925 603 XXII,
946 522 998 607 tt)
1023 538 1052 588 et
1074 527 1108 588 ie
1129 547 1178 588 me
1202 525 1367 608 credidisti

322 652 395 716 Eece
418 657 554 739 reputavi
575 653 607 716 id
629 651 684 717 tihi
708 652 746 716 ad
759 653 915 735 paetitiam
939 647 1025 733 (Gen.
1042 649 1111 728 XV,
1129 646 1179 731 7);

322 775 361 842 Et
383 782 522 865 magister
545 781 601 842 eris
625 777 724 842 fratris
748 781 792 840 tui
816 772 901 858 (Gen.
921 775 1050 854 XXVII,
1069 770 1141 858 29);

323 901 362 966 Et
385 901 441 965 suh
464 915 493 966 te
517 906 572 967 erit
595 907 744 991 appetitus
768 903 832 987 ejus
857 914 885 965 et
907 913 941 965 tu
964 905 995 964 in
1018 923 1083 965 eum
1109 897 1337 963 dominaberis«

369 1027 468 1091 Textu
492 1031 532 1091 ita
557 1031 736 1105 constituto,
769 1031 867 1090 omnia
889 1049 950 1091 uno
974 1039 1077 1090 tenore
1102 1038 1131 1089 et
1153 1025 1307 1089 harmonia
1331 1044 1403 1086 con·

280 1155 395 1231 cinunt3
419 1139 585 1216 soloecismi
609 1165 802 1230 evanescunt;
827 1155 963 1239 cognatm
980 1151 1084 1215 Haheli
1108 1163 1137 1214 et
1152 1147 1314 1212 Abrahami
1330 1170 1402 1212 con-

278 1276 425 1355 firmatur3
449 1281 520 1342 novi
538 1277 719 1343 Testamenti
743 1277 971 1364 algnifieationes
991 1276 1026 1341 de
1039 1277 1156 1361 justitia
1176 1297 1209 1338 ac
1223 1273 1281 1337 fide
1295 1272 1421 1338 Haheli'

279 1423 362 1466 suam
391 1405 594 1467 auctoritatem
620 1415 812 1489 recuperant3
843 1415 872 1466 et
900 1405 1039 1466 uniuersa
1068 1413 1170 1464 nostra
1198 1401 1341 1464 sententia
1365 1397 1401 1460 dc

279 1524 347 1591 libri
369 1527 524 1592 Iasharani
548 1531 662 1592 ratione
686 1528 837 1592 clariorem
861 1527 955 1591 lucem
978 1539 1140 1591 mutuatur.

367 1651 467 1716 Redeo
493 1666 589 1718 autem
614 1652 652 1718 ad
673 1653 850 1718 nationalem
872 1653 963 1737 hujus
978 1653 1155 1716 narrationis
1171 1653 1398 1738 expositionem,
1415 1709 1418 1714 ,

281 1800 339 1866 qua
366 1778 492 1842 refertur
522 1778 560 1842 ad
589 1780 770 1844 atrocit‘atem
799 1778 1001 1842 Kinnaeorum
1031 1790 1060 1840 et
1087 1788 1235 1840 cruentam
1264 1778 1400 1861 priorum

279 1867 546 1967 Abrahamidarum
570 1908 767 1968 vexationem.
805 1903 850 1968 Ac
873 1906 1001 1989 primum
1025 1899 1134 1966 dixerit
1157 1900 1272 1988 aliquis,
1298 1898 1401 1983 Quid?

280 2026 412 2091 nullasne
442 2031 472 2090 in
501 2029 626 2092 historia
659 2041 759 2115 partes
789 2030 963 2091 sustinuerit
991 2029 1037 2090 vir
1066 2025 1184 2112 quidam
1215 2028 1262 2089 eui
1290 2047 1399 2089 nomen

279 2150 383 2216 Habet
408 2151 518 2215 fueriti
552 2151 658 2217 Nonne
681 2153 767 2216 Iesus
798 2155 860 2238 ipse
889 2155 931 2216 ita
959 2153 1076 2216 locutus
1106 2163 1166 2227 est,
1197 2163 1232 2215 ut
1253 2149 1397 2215 Hahelum

279 2289 419 2363 tanquam
449 2277 598 2342 hominem
627 2277 777 2365 quondam
805 2281 908 2341 vivum
937 2275 1125 2364 designaret?
1152 2243 1187 2323 ζ
1222 2288 1277 2339 rut
1299 2278 1399 2338 veniat

280 2424 484 2489 supervos«,
515 2405 613 2491 inquit
636 2398 755 2484 (Matth.
774 2401 887 2480 XXIII,
906 2396 975 2483 35),
1005 2404 1121 2465 »omnis
1144 2404 1265 2488 sanguis
1284 2401 1396 2486 justus,

280 2529 331 2614 qui
354 2528 465 2593 effusus
488 2541 533 2592 est
556 2549 645 2615 super
666 2542 790 2605 terram,
815 2551 833 2590 a
855 2529 998 2614 sanguine
1021 2525 1125 2590 Haheli
1143 2527 1218 2611 justi
1242 2546 1337 2612 usque
1361 2524 1399 2588 ad

279 2657 452 2741 sanguinem
470 2654 644 2730 Zachariae,
668 2653 721 2717 filii
743 2652 918 2729 Baraehiae,
944 2673 1031 2740 quem
1054 2650 1203 2715 occidistis
1225 2652 1301 2714 inter
1324 2663 1399 2714 tem-

278 2778 361 2864 plum
397 2792 426 2840 et
461 2779 582 2842 altare«
628 2777 851 2855 Difficultatem,
888 2799 964 2865 quae
998 2799 1035 2840 ex
1064 2779 1211 2842 mentione
1240 2774 1397 2840 Zachariae

281 2905 389 2977 oritur,
420 2925 482 2966 non
505 2923 608 2989 urgeo.
656 2900 774 2967 Scilicet
795 2925 857 2990 non
880 2901 937 2966 fuit
958 2901 1029 2966 Iesu
1054 2899 1165 2966 Christi
1190 2899 1332 2977 officium,
1363 2913 1398 2963 ut

280 3047 380 3090 omnes
410 3025 588 3093 Iudaeorum
624 3027 798 3091 traditiones
833 3028 871 3092 ad
904 3049 1036 3091 normam
1066 3029 1178 3092 critices
1207 3029 1395 3089 examinaret.

278 3149 410 3216 Primum
435 3164 522 3239 atque
545 3151 682 3216 ultimum
705 3151 960 3218 commemorando
986 3154 1083 3216 omnia
1106 3151 1239 3237 exempla
1261 3155 1397 3236 priorum

279 3277 432 3341 homiuum
463 3276 498 3340 ab
529 3280 626 3364 impiis
657 3281 822 3342 occisorum
851 3276 1097 3364 comprehendere
1120 3263 1231 3340 uoluit.v
1271 3275 1311 3339 Et
1334 3297 1396 3339 non

279 3400 384 3468 dubito
407 3404 517 3468 multos
541 3401 631 3468 luisse
655 3406 685 3468 in
709 3402 817 3466 familia
832 3401 1009 3479 Abrahami,
1034 3415 1122 3490 atquc
1144 3405 1175 3464 iu
1198 3404 1271 3488 ipsis
1289 3400 1396 3465 electae

277 3531 373 3615 gentis
396 3528 549 3592 cunabulis
572 3533 639 3616 pios
663 3541 693 3593 et
710 3529 810 3613 justos
834 3527 972 3606 Hahelcs‚
998 3549 1074 3615 quos
1099 3524 1209 3592 feroces
1233 3529 1282 3591 isti
1305 3526 1396 3590 Ama-

278 3652 404 3740 lequitae
424 3654 473 3716 tel
496 3657 572 3716 inter
595 3653 815 3718 sacrificandum
838 3653 1069 3718 trucidaverunt.

366 3776 409 3840 Aa
437 3779 484 3841 hie
512 3773 637 3842 fortasse
665 3779 800 3843 nonnulli
832 3778 971 3865 objicient
997 3817 1032 3827 -
1066 3777 1185 3862 Quidt,
1200 3771 1395 3842 conlundisne

218 3885 220 3890 Ι
276 3901 426 3968 Kionaeos
450 3925 515 3967 cum
531 3902 748 3992 Amalequitisi
770 3904 852 3982 Esto,
876 3917 912 3968 ut
934 3927 1010 3992 vaga
1031 3905 1081 3969 illa
1103 3926 1137 3968 ae
1160 3903 1245 3968 lerox
1260 3901 1394 3966 Arabum

277 4025 384 4091 familia
408 4050 474 4092 eum
491 4029 628 4093 Israelitis
651 4041 809 4115 perpetuas
833 4032 998 4094 iuimicitias
1023 4042 1206 4108 exercerent3
1230 4042 1260 4094 at
1282 4032 1312 4091 in
1336 4027 1394 4091 hoc

278 4150 346 4217 odio
371 4155 559 4239 excipiuntur
574 4157 746 4220 uominatIm
761 4153 900 4231 Kinnaei‚
926 4158 1086 4242 »quoniam
1102 4177 1132 4218 se
1147 4152 1292 4240 benignos
1308 4175 1395 4240 prae-

275 4275 411 4341 buissent
432 4279 584 4356 Israelitis,
617 4301 708 4365 quum
737 4301 775 4344 ex
798 4278 937 4366 Aegypto
969 4292 1066 4343 essent
1095 4281 1224 4366 egressi«
1254 4273 1290 4357 (1
1311 4276 1391 4343 Sam.

233 4399 236 4405 ’
275 4398 344 4478 XV,
361 4394 404 4481 6).
440 4400 472 4466 Si
496 4426 598 4467 verum
621 4403 811 4483 admittImus,
837 4427 955 4491 sparsae
979 4404 1043 4468 illae
1062 4403 1097 4468 de
1113 4403 1254 4468 Kinnaeis
1269 4405 1393 4468 notitiae
