3166 5178
684 353 750 404 Xlll

609 433 821 448 ἡ

486 644 949 714 COMMENTARIUS.

522 827 906 890 lNPAltTlilllPRlllAltl
1219 891 1275 928 m

155 964 282 1022 Universa
304 966 441 1037 utriusque
462 963 608 1039 Fragmenti
632 965 798 1039 significati03
825 981 940 1023 coracem
964 966 1057 1023 lrabere
1080 972 1206 1026 rationem

190 1073 300 1143 peccati,
319 1078 344 1126 et
362 1089 503 1146 repugnare
520 1076 649 1142 spiritot,
668 1075 712 1145 qui
731 1073 763 1128 ad
782 1073 996 1130 immortalitatem
1016 1076 1162 1130 conducat.
1198 1116 1204 1129 .
1240 1076 1274 1134 44

154 1177 315 1251 Explauatur
333 1178 395 1234 (ten.
404 1178 457 1246 vt,
470 1177 487 1234 3
502 1218 1204 1236 .................
1241 1182 1277 1238 42

154 1285 328 1342 vexatissimo
352 1284 409 1342 S.S.
428 1288 514 1341 citatio
537 1286 605 1359 apud
630 1287 660 1340 ll.
677 1287 803 1343 daeobum
822 1286 901 1354 lv,5
920 1306 951 1343 ex
975 1288 1024 1344 hoe
1046 1288 1104 1344 loeo
1128 1289 1204 1345 relin-

190 1392 274 1466 genda
292 1400 333 1448 est
374 1431 1204 1450 ....................
1239 1396 1276 1452 44

157 1501 285 1568 Quaenam
303 1499 400 1554 luerint
417 1498 482 1554 duae
501 1500 606 1555 arborea
625 1502 652 1554 iu
670 1500 754 1556 medio
774 1501 871 1557 horto?
895 1541 1203 1557 ........
1239 1502 1274 1559 45

157 1607 289 1664 Scortatua
308 1613 335 1662 ct
351 1603 498 1660 idololatria
516 1624 627 1678 quonam
645 1615 718 1680 paeto
738 1610 805 1663 inter
823 1626 850 1664 sa
869 1608 1029 1681 congruant?
1066 1647 1072 1662 .
1109 1648 1116 1662 .
1153 1647 1160 1662 .
1196 1650 1202 1662 .
1239 1608 1275 1666 46

155 1713 331 1770 Bari-Pennis
361 1714 416 1769 sive
441 1713 525 1785 Priapi
548 1712 719 1770 idololatriam
745 1733 802 1769 cum
826 1716 909 1786 stupri
933 1715 1119 1771 consuetudine
1143 1733 1203 1770 eon·

186 1820 303 1892 junctam
321 1837 379 1876 esso
416 1859 1202 1876 ...................
1239 1822 1274 1880 46

156 1929 266 2000 Serpens
285 1928 311 1982 in
330 1925 410 1984 altero
429 1927 583 2000 Fragmento
601 1927 740 2001 plrallioum
758 1928 933 1985 Raal-Peoria
952 1930 1054 2002 signum
1074 1929 1202 1984 denotat.
1239 1929 1274 1986 47

154 2035 195 2090 Ex
217 2052 248 2089 eo
274 2034 345 2106 quod
367 2051 427 2090 stoa
449 2037 571 2091 esitarent
592 2035 746 2108 protoplasti
773 2043 909 2119 etxpostea
928 2035 1059 2092 sexualem
1078 2037 1203 2109 pudorem

190 2148 371 2216 agnoscerent,
390 2141 453 2214 quid
471 2142 614 2214 sequatur?
633 2182 1203 2197 ..............
1238 2142 1276 2200 48

156 2250 305 2322 Serpentem
322 2252 427 2304 nudum
444 2248 526 2305 luisse
544 2267 597 2304 nou
615 2252 750 2306 callidum
764 2289 1202 2304 ...........
1239 2249 1275 2306 49

157 2356 267 2428 Triplex
285 2351 431 2428 imprecatio
451 2355 677 2430 quidsssignifioeti
721 2396 1203 2410 ............
1238 2356 1275 2412 50

155 2462 249 2520 Mulier
266 2464 292 2517 in
309 2462 443 2534 parienda,
461 2465 502 2517 vir
519 2465 546 2517 in
565 2464 731 2519 sustentanda
749 2463 822 2536 prole
839 2464 958 2536 proprios
977 2462 1079 2519 labores
1092 2465 1204 2518 subeunt
1238 2463 1274 2520 50

157 2571 268 2642 Serpens
286 2568 425 2643 phallious,
449 2577 479 2625 ut
496 2571 591 2641 peceati
609 2571 820 2636 instrumentum,
846 2569 1009 2624 incommodo
1028 2571 1094 2624 inter
1113 2568 1203 2624 Orien-

191 2676 255 2732 talea
274 2677 384 2732 maxime
403 2665 483 2732 obvio
499 2676 637 2732 muletatur
676 2715 1203 2730 .............
1238 2675 1275 2732 50

155 2787 306 2842 Dissertatio
327 2783 358 2840 de
376 2782 510 2839 vocabuli·
528 2784 601 2878 epp),
619 2793 693 2880 app,
712 2792 739 2838 et
755 2793 840 2880 ΠΜ
850 2822 1202 2837 .........
1238 2781 1274 2838 52

154 2893 265 2950 Litteras
284 2901 303 2968 pt
322 2898 348 2946 et
364 2900 379 2958 2
397 2892 463 2946 inter
482 2908 510 2946 ae
531 2891 723 2948 commutabiles
743 2909 813 2958 esse,
832 2899 968 2963 utramque
986 2899 1071 2946 autem
1090 2893 1116 2944 in
1129 2891 1202 2944 initio

189 3000 262 3054 vocis
280 2997 426 3065 evanidam,
445 2997 636 3054 demonstratur
654 3016 702 3070 ope
720 3000 832 3054 nominis
850 3000 954 3072 Assyrii
973 3005 1043 3067 70&
1064 2997 1104 3054 vel
1117 3004 1203 3066 Ἕκ)
1238 2997 1274 3053 54

153 3109 227 3163 Hane
249 3106 482 3180 interpretationem
505 3114 557 3160 tam
579 3114 709 3178 peccatum
734 3108 854 3180 originis,
879 3124 911 3161 ex
934 3113 1019 3162 mente
1043 3104 1202 3173 Solomonia,

191 3232 267 3287 qoam
284 3215 413 3288 propriam
431 3213 605 3270 Israelitarum
624 3212 723 3285 culpam
742 3221 827 3284 aperta
846 3212 972 3269 declarare
978 3252 1202 3267 ......
1238 3213 1274 3271 56

157 3321 275 3380 Sexualis
293 3322 421 3394 appetitus
439 3321 536 3378 abusus
555 3337 682 3376 summum
703 3329 742 3375 est
759 3327 901 3392 peecatum,
920 3328 946 3374 et
963 3317 1103 3375 multorum
1122 3320 1203 3376 malo·

190 3447 249 3486 rum
268 3446 344 3486 eausa
375 3466 1201 3482 ....................
1238 3426 1274 3484 58

155 3536 264 3594 Solomo
283 3543 392 3592 testatur
410 3535 474 3591 hane
491 3536 628 3607 perniciem
646 3536 800 3592 intrinsecus
820 3541 902 3588 ortam
921 3551 979 3589 esse
1021 3573 1202 3586 .....
1238 3532 1275 3590 58

156 3642 293 3712 Quomodo
311 3643 341 3696 l).
353 3642 450 3698 Paulus
468 3651 598 3715 peecatum
617 3644 724 3716 originis
742 3640 915 3697 intellexerit?
937 3679 1202 3693 .......
1237 3639 1274 3696 58

155 3752 186 3822 o)
204 3751 291 3808 Locus
307 3750 391 3822 Epist.
403 3750 435 3805 ad
447 3751 521 3806 Rom.
531 3749 596 3816 Vll,
609 3748 627 3803 t
639 3769 697 3822 sqq.
715 3750 746 3804 ad
765 3749 828 3804 hane
846 3766 962 3804 normam
981 3747 1132 3820 expenditur
1154 3787 1159 3800 .
1196 3787 1202 3800 .
1238 3745 1274 3802 59

155 3860 183 3926 t)
202 3845 300 3914 Eodem
317 3858 422 3930 respicit
438 3856 513 3913 loeus
525 3857 607 3930 Epist
620 3857 652 3912 ad
665 3856 730 3912 Phil.
743 3857 782 3924 ll,
794 3855 811 3912 5
822 3873 888 3928 sqq,
908 3857 952 3928 qui
966 3855 1109 3912 Titauieam
1122 3871 1203 3926 quan·

191 3965 249 4022 dam
268 3964 367 4038 colpam
384 3964 484 4020 Adamo
503 3965 611 4036 imputat
634 4000 1202 4018 ..............
1238 3959 1275 4016 60

154 4074 279 4131 Hercules
299 4071 445 4128 Promethei
463 4071 585 4128 liberator
589 4107 1202 4125 ...............
1238 4066 1274 4123 62

156 4181 270 4240 Cmnrlis
289 4181 493 4254 concupiscentia
512 4187 537 4236 et
555 4178 661 4236 carnalis
680 4180 825 4253 arrogantia
848 4214 1201 4231 .........
1238 4173 1273 4232 63

156 4290 230 4347 Pauli
249 4289 365 4345 doctrina
382 4288 414 4345 de
432 4305 507 4344 carne
525 4295 551 4343 et
567 4288 659 4359 spiritu
677 4289 744 4342 iuter
763 4304 790 4342 ae
808 4286 1008 4359 repugnantibus
1024 4291 1049 4340 et
1061 4282 1092 4338 de
1104 4284 1202 4338 utrius·

193 4415 243 4470 que
260 4396 387 4453 iruetilrua
414 4429 1203 4450 ...................
1239 4389 1273 4448 63
