3172 5186
623 327 832 446 Q

171 543 276 629 pbetas
307 542 425 610 exsules
454 545 597 620 uetuerit,
627 545 658 608 iu
690 543 876 631 allegoricam
902 541 1008 608 diluvii
1040 541 1281 630 significationem

173 666 317 754 quadrare
339 689 438 754 posse.
475 667 515 734 Et
535 689 629 756 quum
651 666 733 755 apud
755 665 858 732 iobum
874 665 991 746 (XXII,
1008 664 1154 748 15-17)
1169 666 1283 734 Noaebi

171 813 280 858 nomeu
301 791 430 868 silentem,
453 805 583 880 praestat
603 791 739 858 arbitrari
759 790 896 878 Eiipbani
916 789 1007 857 verba
1025 791 1064 856 ad
1077 790 1215 858 Xisuthri
1237 791 1283 858 bi·

171 919 294 982 storiam
315 929 464 1004 speatare3
488 919 529 982 ait
551 919 644 982 euim:

383 1079 534 1139 Observata
555 1081 697 1156 antiquam
718 1079 830 1138 vivendi
849 1081 984 1138 rationem

383 1187 443 1254 Qua
462 1187 626 1246 incedebant
645 1188 770 1246 homiues
789 1187 906 1258 scelesti,

383 1295 435 1362 Qui
454 1306 631 1371 praematura
650 1306 739 1354 morte
759 1293 866 1370 abrepti
885 1303 961 1364 sunt,

383 1401 509 1468 Quorum
526 1401 610 1474 fluuio
632 1401 754 1461 dirutum
776 1411 818 1460 est
837 1398 1054 1462 fundamentum.

383 1508 436 1575 Qui
457 1509 513 1567 Deo
534 1509 675 1568 dicebaut:
698 1509 793 1566 »utute
814 1526 887 1566 uos.-

384 1615 454 1682 Quid
475 1615 554 1674 uobis
574 1593 659 1675 iaciat
680 1614 900 1692 Omnipotens?-

172 1787 272 1872 Quuut
298 1791 374 1854 enim
397 1789 434 1855 de
455 1790 549 1858 fluvio
573 1786 678 1895 (W)
700 1790 856 1878 loquatur,
886 1787 1084 1876 proculdubio
1107 1801 1220 1876 spectat
1245 1789 1283 1856 ad

170 1913 234 1980 ilias
249 1913 410 2000 Euphratis
427 1915 615 2004 Tigretisque
631 1916 786 1981 fluminum
809 1913 970 1990 eluviones,
986 1935 1062 2001 quae
1084 1928 1155 2001 post
1175 1913 1283 1982 imbres

171 2037 382 2128 Auptumnaies
396 2040 629 2130 Mesopotamiae
652 2021 771 2128 campos
785 2037 971 2116 obruebant,
986 2037 1096 2126 quibus
1116 2053 1215 2106 autem
1237 2044 1284 2106 in-

171 2160 320 2232 nimbann
340 2163 479 2232 Xisutbri
502 2164 611 2230 sabula

260 2286 342 2372 Quae
364 2293 525 2376 quumita
547 2292 619 2366 sint,
643 2287 779 2377 equidem
802 2299 901 2354 statuo
923 2285 1116 2354 Noaebauum
1139 2287 1282 2356 diluvium

170 2415 380 2500 pragmaticam
408 2435 470 2480 eam
499 2413 639 2491 formam,
669 2435 758 2502 quam
780 2433 860 2480 nune
881 2410 1017 2488 exhibet,
1047 2435 1109 2478 uon
1131 2427 1216 2480 antee
1238 2417 1284 2482 in·

172 2534 281 2613 ddisse,
304 2557 391 2627 quam
414 2540 594 2606 novissimus
608 2537 800 2604 Pentateunbi
822 2535 920 2602 editor
941 2548 1100 2602 extremam
1123 2560 1179 2604 suo
1199 2543 1283 2628 operi

171 2683 289 2729 menum
316 2661 498 2734 admoverat.
547 2662 828 2730 Animadverteruut
855 2659 1017 2728 Bohlenius
1050 2663 1157 2750 aliique
1189 2676 1284 2730 totam

170 2787 249 2860 iiiam
269 2785 448 2890 iioaebanao
476 2809 558 2856 arere
580 2788 628 2856 vei
650 2781 788 2871 ανβώναυ
810 2787 1035 2873 descriptionem
1057 2787 1096 2853 ad
1119 2788 1285 2856 similitudi·

170 2935 237 2981 uem
251 2912 416 2980 fluvialium
432 2912 514 3002 apud
527 2911 711 3000 Babylonios
726 2901 898 3001 cymbarum
912 2933 1081 2999 expressam
1096 2933 1173 2978 este:
1197 2916 1285 3002 quin·

171 3041 258 3107 etiam
280 3041 374 3125 ipsam
394 3039 481 3108 tedae
502 3060 610 3106 nomen
632 3051 692 3106 tam
716 3037 755 3104 ad
776 3037 948 3106 mamaeam
964 3035 1102 3128 mttppat,
1124 3035 1283 3108 Arabicum

171 3165 271 3246 aetat,
294 3185 369 3251 quae
392 3186 528 3232 aeream«
550 3163 729 3253 significent,
751 3163 853 3234 referri
878 3185 984 3252 posse,
1007 3184 1095 3251 quam
1123 3162 1162 3231 ad
1183 3163 1285 3253 Aegy·

169 3292 296 3377 ptiaeam
324 3288 403 3358 ittam
426 3291 525 3358 tabem
548 3287 710 3376 (p.140);
737 3290 819 3376 ligna
844 3302 944 3356 auum
963 3287 1083 3376 popber
1103 3284 1222 3394 (ᾞΙ),
1245 3311 1285 3358 ax

170 3411 279 3504 quibus
301 3435 370 3482 aree
385 3427 554 3482 constructa
569 3415 617 3490 sit,
633 3435 694 3480 non
709 3412 766 3481 alia
788 3434 852 3480 esso
867 3433 955 3500 quam
970 3416 1193 3498 smmptooovr,
1209 3435 1285 3501 quae

170 3539 250 3606 solae
273 3542 303 3607 in
320 3537 487 3626 Babylonia
508 3537 709 3615 abundabant,
734 3558 772 3606 ex
794 3536 904 3625 quibus
926 3551 1024 3604 autam
1045 3536 1205 3625 Babylonii
1227 3541 1284 3625 ipsi

169 3685 261 3730 naves
284 3685 353 3732 suas
376 3661 588 3733 construebant
610 3659 826 3744 (Aristobulus,
850 3663 937 3749 apud
949 3663 1129 3745 Αννίααννν,
1146 3647 1284 3732 doato.

170 3787 232 3866 Vll,
251 3785 305 3866 19Ἰ
318 3785 337 3872 δ
351 3786 390 3854 t:
412 3786 612 3868 asystatae
634 3791 688 3856 snt
709 3781 811 3862 atter
831 3784 918 3874 αὐτῷ
940 3785 1150 3872 ἐναυπηγεῖτο
1169 3786 1284 3862 στόλος

170 3915 317 3997 sapuere
338 3908 397 3988 ade
416 3915 630 3998 ανπαρίσσνυς
650 3906 709 3988 τὰς
733 3911 768 3978 ἐν
789 3917 826 4004 τῇ
843 3911 1055 3997 Βαβυλωνίᾳ·
1078 3912 1201 3982 τούτων
1221 3907 1285 3995 γὰρ

170 4037 280 4122 μόναν
307 4037 371 4107 τῶν
394 4037 540 4122 δένδρων
562 4030 718 4122 εὐπορίαν
746 4038 829 4104 abac
850 4035 886 4104 dv
913 4041 951 4130 τῇ
972 4036 1064 4122 χώρᾳ
1087 4037 1153 4105 τῶν
1170 4034 1287 4110 Ἀσσυ-

172 4169 260 4251 ρίων,
274 4163 338 4230 τῶν
353 4162 391 4231 di
406 4157 517 4231 ittae
532 4160 594 4228 ὅσα
609 4162 642 4238 ἐς
658 4167 841 4248 ναυπηγίαν
855 4159 986 4250 ἀπόρως
1000 4159 1094 4244 ἔχειν.
1117 4164 1177 4232 Res
1192 4168 1283 4252 ipsae,

171 4311 247 4378 quae
275 4292 306 4356 in
328 4288 442 4357 Noaebi
470 4290 595 4357 historia
624 4301 798 4364 narrantur,
821 4287 1030 4375 babylonicam
1058 4290 1187 4357 indolem
1214 4311 1285 4374 prae

172 4436 203 4482 se
225 4413 333 4482 ferunt.
372 4411 446 4479 Nam
469 4426 504 4479 ut
525 4413 663 4483 Xisutbri
686 4415 771 4482 navis
793 4415 824 4478 in
847 4412 998 4481 Cordiaeis
1020 4415 1178 4482 Armeniae
1199 4437 1285 4482 mon-
