<?xml version="1.0" encoding="UTF-8"?>
<!DOCTYPE html PUBLIC "-//W3C//DTD XHTML 1.0 Transitional//EN"
    "http://www.w3.org/TR/xhtml1/DTD/xhtml1-transitional.dtd">
<html xmlns="http://www.w3.org/1999/xhtml" xml:lang="en" lang="en">
 <head>
  <title>
</title>
<meta http-equiv="Content-Type" content="text/html;charset=utf-8" />
  <meta name='ocr-system' content='tesseract 3.04.00' />
  <meta name='ocr-capabilities' content='ocr_page ocr_carea ocr_par ocr_line ocrx_word'/>
</head>
<body>
  <div class='ocr_page' id='page_1' title='image "./jasharfragmenta00donagoog_0043.png"; bbox 0 0 3166 5178; ppageno 0'>
   <div class='ocr_carea' id='block_1_1' title="bbox 282 337 1405 1006">
    <p class='ocr_par' dir='ltr' id='par_1_1' title="bbox 282 337 1405 1006">
     <span class='ocr_line' id='line_1_1' title="bbox 735 337 946 447; baseline -0.005 0"><span class='ocrx_word' id='word_1_1' title='bbox 735 337 946 447; x_wconf 57' lang='lat' dir='ltr'><strong>-L</strong></span> 
     </span>
     <span class='ocr_line' id='line_1_2' title="bbox 282 544 1405 636; baseline -0.004 -22"><span class='ocrx_word' id='word_1_2' title='bbox 282 563 318 614; x_wconf 91' lang='lat' dir='ltr'><strong>ut</strong></span> <span class='ocrx_word' id='word_1_3' title='bbox 332 553 362 613; x_wconf 92' lang='lat' dir='ltr'><strong>in</strong></span> <span class='ocrx_word' id='word_1_4' title='bbox 375 548 448 614; x_wconf 68' lang='lat' dir='ltr'><strong>«lesu</strong></span> <span class='ocrx_word' id='word_1_5' title='bbox 462 546 582 614; x_wconf 85' lang='lat' dir='ltr'><strong>Christo</strong></span> <span class='ocrx_word' id='word_1_6' title='bbox 600 569 714 636; x_wconf 81' lang='lat' dir='ltr'><strong>semper</strong></span> <span class='ocrx_word' id='word_1_7' title='bbox 728 547 821 611; x_wconf 88' lang='lat' dir='ltr'><strong>filiurn</strong></span> <span class='ocrx_word' id='word_1_8' title='bbox 836 545 891 610; x_wconf 90' lang='lat' dir='ltr'><strong>Dei</strong></span> <span class='ocrx_word' id='word_1_9' title='bbox 907 545 1043 610; x_wconf 83' lang='lat' dir='ltr'><strong>etlilium</strong></span> <span class='ocrx_word' id='word_1_10' title='bbox 1058 545 1197 622; x_wconf 90' lang='lat' dir='ltr'><strong>hominis,</strong></span> <span class='ocrx_word' id='word_1_11' title='bbox 1214 547 1256 608; x_wconf 88' lang='lat' dir='ltr'><strong>ita</strong></span> <span class='ocrx_word' id='word_1_12' title='bbox 1270 547 1301 609; x_wconf 90' lang='lat' dir='ltr'><strong>in</strong></span> <span class='ocrx_word' id='word_1_13' title='bbox 1313 544 1405 610; x_wconf 88' lang='lat' dir='ltr'><strong>Sacra</strong></span> 
     </span>
     <span class='ocr_line' id='line_1_3' title="bbox 284 663 1403 760; baseline -0.005 -21"><span class='ocrx_word' id='word_1_14' title='bbox 284 673 439 760; x_wconf 82' lang='lat' dir='ltr'><strong>Scriptura</strong></span> <span class='ocrx_word' id='word_1_15' title='bbox 462 672 573 760; x_wconf 90' lang='lat' dir='ltr'><strong>ubique</strong></span> <span class='ocrx_word' id='word_1_16' title='bbox 597 670 720 736; x_wconf 90' lang='lat' dir='ltr'><strong>verbum</strong></span> <span class='ocrx_word' id='word_1_17' title='bbox 742 671 799 735; x_wconf 91' lang='lat' dir='ltr'><strong>Dei</strong></span> <span class='ocrx_word' id='word_1_18' title='bbox 821 683 851 734; x_wconf 87' lang='lat' dir='ltr'><strong>et</strong></span> <span class='ocrx_word' id='word_1_19' title='bbox 873 669 996 734; x_wconf 90' lang='lat' dir='ltr'><strong>verbum</strong></span> <span class='ocrx_word' id='word_1_20' title='bbox 1019 670 1147 735; x_wconf 88' lang='lat' dir='ltr'><strong>hominis</strong></span> <span class='ocrx_word' id='word_1_21' title='bbox 1171 663 1403 757; x_wconf 80' lang='lat' dir='ltr'><strong>agnoscere?s¹)</strong></span> 
     </span>
     <span class='ocr_line' id='line_1_4' title="bbox 372 793 1403 882; baseline -0.004 -20"><span class='ocrx_word' id='word_1_22' title='bbox 372 797 417 862; x_wconf 89' lang='lat' dir='ltr'><strong>Ac</strong></span> <span class='ocrx_word' id='word_1_23' title='bbox 445 820 482 861; x_wconf 91' lang='lat' dir='ltr'><strong>ne</strong></span> <span class='ocrx_word' id='word_1_24' title='bbox 513 800 579 882; x_wconf 89' lang='lat' dir='ltr'><strong>quis</strong></span> <span class='ocrx_word' id='word_1_25' title='bbox 605 807 739 860; x_wconf 81' lang='lat' dir='ltr'><strong>vereatur</strong></span> <span class='ocrx_word' id='word_1_26' title='bbox 767 817 804 858; x_wconf 92' lang='lat' dir='ltr'><strong>ne</strong></span> <span class='ocrx_word' id='word_1_27' title='bbox 832 794 913 858; x_wconf 93' lang='lat' dir='ltr'><strong>nulla</strong></span> <span class='ocrx_word' id='word_1_28' title='bbox 940 797 979 858; x_wconf 92' lang='lat' dir='ltr'><strong>sit</strong></span> <span class='ocrx_word' id='word_1_29' title='bbox 1002 798 1087 881; x_wconf 81' lang='lat' dir='ltr'><strong>quasi</strong></span> <span class='ocrx_word' id='word_1_30' title='bbox 1111 793 1238 858; x_wconf 88' lang='lat' dir='ltr'><strong>obrussa</strong></span> <span class='ocrx_word' id='word_1_31' title='bbox 1260 817 1320 881; x_wconf 90' lang='lat' dir='ltr'><strong>qua</strong></span> <span class='ocrx_word' id='word_1_32' title='bbox 1343 794 1403 858; x_wconf 89' lang='lat' dir='ltr'><strong>dis·</strong></span> 
     </span>
     <span class='ocr_line' id='line_1_5' title="bbox 285 917 1402 1006; baseline -0.002 -20"><span class='ocrx_word' id='word_1_33' title='bbox 285 943 436 988; x_wconf 89' lang='lat' dir='ltr'><strong>cernamus</strong></span> <span class='ocrx_word' id='word_1_34' title='bbox 460 924 536 986; x_wconf 90' lang='lat' dir='ltr'><strong>inter</strong></span> <span class='ocrx_word' id='word_1_35' title='bbox 559 920 692 985; x_wconf 85' lang='lat' dir='ltr'><strong>divinum</strong></span> <span class='ocrx_word' id='word_1_36' title='bbox 717 917 855 995; x_wconf 91' lang='lat' dir='ltr'><strong>verbum,</strong></span> <span class='ocrx_word' id='word_1_37' title='bbox 888 918 970 1005; x_wconf 91' lang='lat' dir='ltr'><strong>quod</strong></span> <span class='ocrx_word' id='word_1_38' title='bbox 993 921 1024 983; x_wconf 92' lang='lat' dir='ltr'><strong>in</strong></span> <span class='ocrx_word' id='word_1_39' title='bbox 1047 917 1203 1006; x_wconf 76' lang='lat' dir='ltr'><strong>Scriptura</strong></span> <span class='ocrx_word' id='word_1_40' title='bbox 1225 921 1402 996; x_wconf 82' lang='lat' dir='ltr'><strong>continetur,</strong></span> 
     </span>
    </p>
   </div>
   <div class='ocr_carea' id='block_1_2' title="bbox 285 1041 1405 1132">
    <p class='ocr_par' dir='ltr' id='par_1_2' title="bbox 285 1041 1405 1132">
     <span class='ocr_line' id='line_1_6' title="bbox 285 1041 1405 1132; baseline -0.002 -22"><span class='ocrx_word' id='word_1_41' title='bbox 285 1061 314 1111; x_wconf 91' lang='lat' dir='ltr'><strong>et</strong></span> <span class='ocrx_word' id='word_1_42' title='bbox 336 1048 465 1109; x_wconf 89' lang='lat' dir='ltr'><strong>humana</strong></span> <span class='ocrx_word' id='word_1_43' title='bbox 488 1048 621 1132; x_wconf 89' lang='lat' dir='ltr'><strong>ingenia,</strong></span> <span class='ocrx_word' id='word_1_44' title='bbox 646 1066 664 1107; x_wconf 92' lang='lat' dir='ltr'><strong>a</strong></span> <span class='ocrx_word' id='word_1_45' title='bbox 687 1042 796 1130; x_wconf 89' lang='lat' dir='ltr'><strong>quibus</strong></span> <span class='ocrx_word' id='word_1_46' title='bbox 820 1044 870 1106; x_wconf 90' lang='lat' dir='ltr'><strong>isti</strong></span> <span class='ocrx_word' id='word_1_47' title='bbox 885 1041 955 1106; x_wconf 91' lang='lat' dir='ltr'><strong>libri</strong></span> <span class='ocrx_word' id='word_1_48' title='bbox 969 1046 1175 1130; x_wconf 88' lang='lat' dir='ltr'><strong>provenerint,</strong></span> <span class='ocrx_word' id='word_1_49' title='bbox 1202 1046 1227 1106; x_wconf 93' lang='lat' dir='ltr'><strong>is</strong></span> <span class='ocrx_word' id='word_1_50' title='bbox 1242 1045 1405 1108; x_wconf 89' lang='lat' dir='ltr'><strong>meminerit</strong></span> 
     </span>
    </p>
   </div>
   <div class='ocr_carea' id='block_1_3' title="bbox 286 1147 1405 1254">
    <p class='ocr_par' dir='ltr' id='par_1_3' title="bbox 286 1147 1405 1254">
     <span class='ocr_line' id='line_1_7' title="bbox 286 1147 1405 1254; baseline -0.003 -20"><span class='ocrx_word' id='word_1_51' title='bbox 286 1147 509 1235; x_wconf 80' lang='lat' dir='ltr'><strong>»testimonium</strong></span> <span class='ocrx_word' id='word_1_52' title='bbox 525 1168 581 1233; x_wconf 89' lang='lat' dir='ltr'><strong>Dei</strong></span> <span class='ocrx_word' id='word_1_53' title='bbox 604 1172 635 1232; x_wconf 90' lang='lat' dir='ltr'><strong>in</strong></span> <span class='ocrx_word' id='word_1_54' title='bbox 657 1190 689 1232; x_wconf 90' lang='lat' dir='ltr'><strong>se</strong></span> <span class='ocrx_word' id='word_1_55' title='bbox 711 1171 785 1254; x_wconf 90' lang='lat' dir='ltr'><strong>ipsis</strong></span> <span class='ocrx_word' id='word_1_56' title='bbox 808 1165 916 1231; x_wconf 88' lang='lat' dir='ltr'><strong>habere</strong></span> <span class='ocrx_word' id='word_1_57' title='bbox 940 1189 1006 1244; x_wconf 89' lang='lat' dir='ltr'><strong>cos,</strong></span> <span class='ocrx_word' id='word_1_58' title='bbox 1031 1170 1083 1253; x_wconf 92' lang='lat' dir='ltr'><strong>qui</strong></span> <span class='ocrx_word' id='word_1_59' title='bbox 1106 1171 1135 1231; x_wconf 90' lang='lat' dir='ltr'><strong>in</strong></span> <span class='ocrx_word' id='word_1_60' title='bbox 1158 1167 1321 1232; x_wconf 86' lang='lat' dir='ltr'><strong>filiunrDei</strong></span> <span class='ocrx_word' id='word_1_61' title='bbox 1344 1189 1405 1232; x_wconf 88' lang='lat' dir='ltr'><strong>cre·</strong></span> 
     </span>
    </p>
   </div>
   <div class='ocr_carea' id='block_1_4' title="bbox 285 1289 1435 3496">
    <p class='ocr_par' dir='ltr' id='par_1_4' title="bbox 285 1289 1435 3496">
     <span class='ocr_line' id='line_1_8' title="bbox 286 1289 1406 1378; baseline -0.002 -20"><span class='ocrx_word' id='word_1_62' title='bbox 286 1294 376 1358; x_wconf 79' lang='lat' dir='ltr'><strong>daut«</strong></span> <span class='ocrx_word' id='word_1_63' title='bbox 401 1289 425 1376; x_wconf 91' lang='lat'><strong>(1</strong></span> <span class='ocrx_word' id='word_1_64' title='bbox 439 1293 547 1357; x_wconf 85' lang='lat' dir='ltr'><strong>locun.</strong></span> <span class='ocrx_word' id='word_1_65' title='bbox 563 1292 602 1369; x_wconf 90' lang='lat' dir='ltr'><strong>V,</strong></span> <span class='ocrx_word' id='word_1_66' title='bbox 623 1289 686 1375; x_wconf 82' lang='lat'>10).</span> <span class='ocrx_word' id='word_1_67' title='bbox 721 1290 848 1356; x_wconf 87' lang='lat' dir='ltr'><strong>Divinus</strong></span> <span class='ocrx_word' id='word_1_68' title='bbox 868 1290 915 1355; x_wconf 90' lang='lat' dir='ltr'><strong>ille</strong></span> <span class='ocrx_word' id='word_1_69' title='bbox 932 1290 1082 1355; x_wconf 87' lang='lat' dir='ltr'><strong>doctrinae</strong></span> <span class='ocrx_word' id='word_1_70' title='bbox 1097 1294 1128 1354; x_wconf 93' lang='lat' dir='ltr'><strong>in</strong></span> <span class='ocrx_word' id='word_1_71' title='bbox 1144 1290 1235 1356; x_wconf 88' lang='lat' dir='ltr'><strong>Sacra</strong></span> <span class='ocrx_word' id='word_1_72' title='bbox 1250 1291 1406 1378; x_wconf 85' lang='lat' dir='ltr'><strong>Scriptura</strong></span> 
     </span>
     <span class='ocr_line' id='line_1_9' title="bbox 287 1415 1405 1482; baseline -0.002 0"><span class='ocrx_word' id='word_1_73' title='bbox 287 1430 446 1482; x_wconf 83' lang='lat' dir='ltr'><strong>concentus</strong></span> <span class='ocrx_word' id='word_1_74' title='bbox 475 1439 537 1481; x_wconf 92' lang='lat' dir='ltr'><strong>non</strong></span> <span class='ocrx_word' id='word_1_75' title='bbox 566 1416 656 1480; x_wconf 91' lang='lat' dir='ltr'><strong>modo</strong></span> <span class='ocrx_word' id='word_1_76' title='bbox 682 1415 866 1479; x_wconf 87' lang='lat' dir='ltr'><strong>demonstrat</strong></span> <span class='ocrx_word' id='word_1_77' title='bbox 887 1415 1042 1479; x_wconf 90' lang='lat' dir='ltr'><strong>coelestem</strong></span> <span class='ocrx_word' id='word_1_78' title='bbox 1063 1415 1273 1480; x_wconf 87' lang='lat' dir='ltr'><strong>revelationem</strong></span> <span class='ocrx_word' id='word_1_79' title='bbox 1296 1419 1327 1480; x_wconf 90' lang='lat' dir='ltr'><strong>in</strong></span> <span class='ocrx_word' id='word_1_80' title='bbox 1348 1417 1405 1480; x_wconf 92' lang='lat' dir='ltr'><strong>illis</strong></span> 
     </span>
     <span class='ocr_line' id='line_1_10' title="bbox 286 1538 1404 1630; baseline -0.003 -24"><span class='ocrx_word' id='word_1_81' title='bbox 286 1540 369 1606; x_wconf 91' lang='lat' dir='ltr'><strong>libris</strong></span> <span class='ocrx_word' id='word_1_82' title='bbox 393 1543 551 1618; x_wconf 83' lang='lat' dir='ltr'><strong>contineri,</strong></span> <span class='ocrx_word' id='word_1_83' title='bbox 581 1562 685 1605; x_wconf 87' lang='lat' dir='ltr'><strong>verum</strong></span> <span class='ocrx_word' id='word_1_84' title='bbox 708 1543 795 1630; x_wconf 86' lang='lat' dir='ltr'><strong>etiam</strong></span> <span class='ocrx_word' id='word_1_85' title='bbox 819 1561 852 1602; x_wconf 89' lang='lat' dir='ltr'><strong>ea</strong></span> <span class='ocrx_word' id='word_1_86' title='bbox 875 1552 920 1604; x_wconf 90' lang='lat' dir='ltr'><strong>est</strong></span> <span class='ocrx_word' id='word_1_87' title='bbox 940 1542 1036 1626; x_wconf 89' lang='lat' dir='ltr'><strong>ipsius</strong></span> <span class='ocrx_word' id='word_1_88' title='bbox 1058 1540 1246 1604; x_wconf 86' lang='lat' dir='ltr'><strong>revelationis</strong></span> <span class='ocrx_word' id='word_1_89' title='bbox 1268 1538 1404 1604; x_wconf 87' lang='lat' dir='ltr'><strong>medulla.</strong></span> 
     </span>
     <span class='ocr_line' id='line_1_11' title="bbox 285 1662 1435 1752; baseline -0.003 -22"><span class='ocrx_word' id='word_1_90' title='bbox 285 1665 373 1730; x_wconf 82' lang='lat' dir='ltr'><strong>lesus</strong></span> <span class='ocrx_word' id='word_1_91' title='bbox 402 1668 478 1729; x_wconf 89' lang='lat' dir='ltr'><strong>enim</strong></span> <span class='ocrx_word' id='word_1_92' title='bbox 506 1664 636 1730; x_wconf 87' lang='lat' dir='ltr'><strong>breviter</strong></span> <span class='ocrx_word' id='word_1_93' title='bbox 667 1665 838 1742; x_wconf 85' lang='lat' dir='ltr'><strong>declaravit,</strong></span> <span class='ocrx_word' id='word_1_94' title='bbox 870 1662 951 1728; x_wconf 72' lang='lat' dir='ltr'><strong>»duo</strong></span> <span class='ocrx_word' id='word_1_95' title='bbox 982 1676 1098 1728; x_wconf 86' lang='lat' dir='ltr'><strong>tuntum</strong></span> <span class='ocrx_word' id='word_1_96' title='bbox 1126 1685 1190 1728; x_wconf 88' lang='lat' dir='ltr'><strong>esse</strong></span> <span class='ocrx_word' id='word_1_97' title='bbox 1212 1667 1243 1728; x_wconf 93' lang='lat' dir='ltr'><strong>in</strong></span> <span class='ocrx_word' id='word_1_98' title='bbox 1265 1664 1328 1752; x_wconf 87' lang='lat' dir='ltr'><strong>lege</strong></span> <span class='ocrx_word' id='word_1_99' title='bbox 1350 1664 1435 1730; x_wconf 83' lang='lat' dir='ltr'><strong>Del&#39;</strong></span> 
     </span>
     <span class='ocr_line' id='line_1_12' title="bbox 286 1787 1404 1877; baseline 0 -25"><span class='ocrx_word' id='word_1_100' title='bbox 286 1789 438 1866; x_wconf 89' lang='lat' dir='ltr'><strong>mandata,</strong></span> <span class='ocrx_word' id='word_1_101' title='bbox 474 1793 617 1876; x_wconf 88' lang='lat' dir='ltr'><strong>primurn,</strong></span> <span class='ocrx_word' id='word_1_102' title='bbox 652 1802 688 1853; x_wconf 88' lang='lat' dir='ltr'><strong>ut</strong></span> <span class='ocrx_word' id='word_1_103' title='bbox 715 1788 811 1853; x_wconf 88' lang='lat' dir='ltr'><strong>Deum</strong></span> <span class='ocrx_word' id='word_1_104' title='bbox 840 1811 879 1852; x_wconf 85' lang='lat' dir='ltr'><strong>ex</strong></span> <span class='ocrx_word' id='word_1_105' title='bbox 908 1787 995 1852; x_wconf 90' lang='lat' dir='ltr'><strong>corde</strong></span> <span class='ocrx_word' id='word_1_106' title='bbox 1027 1800 1057 1852; x_wconf 87' lang='lat' dir='ltr'><strong>et</strong></span> <span class='ocrx_word' id='word_1_107' title='bbox 1086 1791 1204 1874; x_wconf 89' lang='lat' dir='ltr'><strong>penitus</strong></span> <span class='ocrx_word' id='word_1_108' title='bbox 1234 1788 1404 1877; x_wconf 78' lang='lat' dir='ltr'><strong>diligamus3</strong></span> 
     </span>
     <span class='ocr_line' id='line_1_13' title="bbox 287 1911 1407 2000; baseline -0.002 -22"><span class='ocrx_word' id='word_1_109' title='bbox 287 1915 425 1990; x_wconf 89' lang='lat' dir='ltr'><strong>alterum,</strong></span> <span class='ocrx_word' id='word_1_110' title='bbox 450 1925 485 1976; x_wconf 89' lang='lat' dir='ltr'><strong>ut</strong></span> <span class='ocrx_word' id='word_1_111' title='bbox 507 1912 663 1999; x_wconf 83' lang='lat' dir='ltr'><strong>diligamus</strong></span> <span class='ocrx_word' id='word_1_112' title='bbox 687 1925 800 1976; x_wconf 90' lang='lat' dir='ltr'><strong>ceteros</strong></span> <span class='ocrx_word' id='word_1_113' title='bbox 823 1913 957 1976; x_wconf 90' lang='lat' dir='ltr'><strong>homines</strong></span> <span class='ocrx_word' id='word_1_114' title='bbox 973 1912 1077 1978; x_wconf 91' lang='lat' dir='ltr'><strong>eodem</strong></span> <span class='ocrx_word' id='word_1_115' title='bbox 1092 1911 1199 1976; x_wconf 89' lang='lat' dir='ltr'><strong>affectu</strong></span> <span class='ocrx_word' id='word_1_116' title='bbox 1214 1934 1274 2000; x_wconf 92' lang='lat' dir='ltr'><strong>quo</strong></span> <span class='ocrx_word' id='word_1_117' title='bbox 1290 1925 1407 1978; x_wconf 87' lang='lat' dir='ltr'><strong>nosmet</strong></span> 
     </span>
     <span class='ocr_line' id='line_1_14' title="bbox 287 2036 1405 2125; baseline 0 -23"><span class='ocrx_word' id='word_1_118' title='bbox 287 2043 369 2124; x_wconf 90' lang='lat' dir='ltr'><strong>ipsos</strong></span> <span class='ocrx_word' id='word_1_119' title='bbox 394 2037 559 2124; x_wconf 85' lang='lat' dir='ltr'><strong>diligimus3</strong></span> <span class='ocrx_word' id='word_1_120' title='bbox 583 2049 613 2100; x_wconf 85' lang='grc' dir='ltr'>οι</span> <span class='ocrx_word' id='word_1_121' title='bbox 635 2040 803 2100; x_wconf 89' lang='lat' dir='ltr'><strong>universam</strong></span> <span class='ocrx_word' id='word_1_122' title='bbox 827 2036 919 2122; x_wconf 89' lang='lat' dir='ltr'><strong>legem</strong></span> <span class='ocrx_word' id='word_1_123' title='bbox 942 2050 972 2101; x_wconf 89' lang='lat' dir='ltr'><strong>ct</strong></span> <span class='ocrx_word' id='word_1_124' title='bbox 993 2037 1156 2125; x_wconf 89' lang='lat' dir='ltr'><strong>prophetas</strong></span> <span class='ocrx_word' id='word_1_125' title='bbox 1171 2059 1209 2102; x_wconf 87' lang='lat' dir='ltr'><strong>ex</strong></span> <span class='ocrx_word' id='word_1_126' title='bbox 1224 2037 1271 2102; x_wconf 90' lang='lat' dir='ltr'><strong>his</strong></span> <span class='ocrx_word' id='word_1_127' title='bbox 1287 2036 1405 2103; x_wconf 88' lang='lat' dir='ltr'><strong>duobus</strong></span> 
     </span>
     <span class='ocr_line' id='line_1_15' title="bbox 287 2156 1407 2250; baseline 0.004 -26"><span class='ocrx_word' id='word_1_128' title='bbox 287 2161 433 2225; x_wconf 87' lang='lat' dir='ltr'><strong>mandatis</strong></span> <span class='ocrx_word' id='word_1_129' title='bbox 457 2161 605 2247; x_wconf 74' lang='lat' dir='ltr'><strong>pendere«</strong></span> <span class='ocrx_word' id='word_1_130' title='bbox 630 2157 749 2242; x_wconf 89' lang='lat' dir='ltr'><strong>(Matth.</strong></span> <span class='ocrx_word' id='word_1_131' title='bbox 765 2159 865 2236; x_wconf 88' lang='lat' dir='ltr'>XXII,</span> <span class='ocrx_word' id='word_1_132' title='bbox 883 2156 1037 2243; x_wconf 79' lang='lat'>36-40).</span> <span class='ocrx_word' id='word_1_133' title='bbox 1080 2160 1229 2249; x_wconf 84' lang='lat' dir='ltr'><strong>Quicquid</strong></span> <span class='ocrx_word' id='word_1_134' title='bbox 1251 2183 1321 2250; x_wconf 88' lang='lat' dir='ltr'><strong>ergo</strong></span> <span class='ocrx_word' id='word_1_135' title='bbox 1345 2166 1407 2228; x_wconf 86' lang='lat' dir='ltr'><strong>sive</strong></span> 
     </span>
     <span class='ocr_line' id='line_1_16' title="bbox 287 2283 1405 2374; baseline 0.001 -25"><span class='ocrx_word' id='word_1_136' title='bbox 287 2288 319 2349; x_wconf 93' lang='lat' dir='ltr'><strong>in</strong></span> <span class='ocrx_word' id='word_1_137' title='bbox 343 2286 450 2348; x_wconf 88' lang='lat' dir='ltr'><strong>Vetere</strong></span> <span class='ocrx_word' id='word_1_138' title='bbox 480 2288 542 2348; x_wconf 89' lang='lat' dir='ltr'><strong>sive</strong></span> <span class='ocrx_word' id='word_1_139' title='bbox 572 2289 602 2348; x_wconf 91' lang='lat' dir='ltr'><strong>in</strong></span> <span class='ocrx_word' id='word_1_140' title='bbox 630 2283 718 2350; x_wconf 87' lang='lat' dir='ltr'><strong>Novo</strong></span> <span class='ocrx_word' id='word_1_141' title='bbox 751 2285 940 2349; x_wconf 87' lang='lat' dir='ltr'><strong>Testarnento</strong></span> <span class='ocrx_word' id='word_1_142' title='bbox 970 2307 1036 2348; x_wconf 95' lang='lat' dir='ltr'><strong>cum</strong></span> <span class='ocrx_word' id='word_1_143' title='bbox 1064 2286 1111 2350; x_wconf 93' lang='lat' dir='ltr'><strong>his</strong></span> <span class='ocrx_word' id='word_1_144' title='bbox 1141 2284 1239 2350; x_wconf 88' lang='lat' dir='ltr'><strong>verbis</strong></span> <span class='ocrx_word' id='word_1_145' title='bbox 1270 2285 1405 2374; x_wconf 89' lang='lat' dir='ltr'><strong>quadrat,</strong></span> 
     </span>
     <span class='ocr_line' id='line_1_17' title="bbox 289 2409 1406 2497; baseline 0.002 -25"><span class='ocrx_word' id='word_1_146' title='bbox 289 2409 489 2497; x_wconf 89' lang='lat' dir='ltr'><strong>quodcunque</strong></span> <span class='ocrx_word' id='word_1_147' title='bbox 512 2431 615 2473; x_wconf 90' lang='lat' dir='ltr'><strong>eorum</strong></span> <span class='ocrx_word' id='word_1_148' title='bbox 638 2409 882 2497; x_wconf 89' lang='lat' dir='ltr'><strong>significationem</strong></span> <span class='ocrx_word' id='word_1_149' title='bbox 906 2409 1073 2487; x_wconf 84' lang='lat' dir='ltr'><strong>confirmat,</strong></span> <span class='ocrx_word' id='word_1_150' title='bbox 1102 2410 1245 2497; x_wconf 86' lang='lat' dir='ltr'><strong>explicat,</strong></span> <span class='ocrx_word' id='word_1_151' title='bbox 1269 2411 1406 2488; x_wconf 88' lang='lat' dir='ltr'><strong>illustrat,</strong></span> 
     </span>
     <span class='ocr_line' id='line_1_18' title="bbox 288 2533 1408 2618; baseline 0.003 -21"><span class='ocrx_word' id='word_1_152' title='bbox 288 2534 362 2598; x_wconf 91' lang='lat' dir='ltr'><strong>illud</strong></span> <span class='ocrx_word' id='word_1_153' title='bbox 392 2545 437 2597; x_wconf 90' lang='lat' dir='ltr'><strong>est</strong></span> <span class='ocrx_word' id='word_1_154' title='bbox 466 2534 521 2598; x_wconf 90' lang='lat' dir='ltr'><strong>Dei</strong></span> <span class='ocrx_word' id='word_1_155' title='bbox 544 2533 693 2611; x_wconf 85' lang='lat' dir='ltr'><strong>Verbum,</strong></span> <span class='ocrx_word' id='word_1_156' title='bbox 724 2534 774 2600; x_wconf 91' lang='lat' dir='ltr'><strong>illa</strong></span> <span class='ocrx_word' id='word_1_157' title='bbox 803 2546 848 2598; x_wconf 90' lang='lat' dir='ltr'><strong>est</strong></span> <span class='ocrx_word' id='word_1_158' title='bbox 874 2534 1002 2598; x_wconf 89' lang='lat' dir='ltr'><strong>revelata</strong></span> <span class='ocrx_word' id='word_1_159' title='bbox 1031 2534 1085 2598; x_wconf 90' lang='lat' dir='ltr'><strong>Dei</strong></span> <span class='ocrx_word' id='word_1_160' title='bbox 1108 2535 1257 2600; x_wconf 86' lang='lat' dir='ltr'><strong>voluntas.</strong></span> <span class='ocrx_word' id='word_1_161' title='bbox 1305 2534 1408 2618; x_wconf 77' lang='lat' dir='ltr'><strong>Quod·</strong></span> 
     </span>
     <span class='ocr_line' id='line_1_19' title="bbox 289 2657 1407 2746; baseline 0 -22"><span class='ocrx_word' id='word_1_162' title='bbox 289 2681 405 2746; x_wconf 90' lang='lat' dir='ltr'><strong>cunque</strong></span> <span class='ocrx_word' id='word_1_163' title='bbox 428 2659 563 2724; x_wconf 90' lang='lat' dir='ltr'><strong>cumbis</strong></span> <span class='ocrx_word' id='word_1_164' title='bbox 587 2657 685 2722; x_wconf 88' lang='lat' dir='ltr'><strong>verbis</strong></span> <span class='ocrx_word' id='word_1_165' title='bbox 708 2657 879 2722; x_wconf 86' lang='lat' dir='ltr'><strong>insociabile</strong></span> <span class='ocrx_word' id='word_1_166' title='bbox 903 2672 961 2736; x_wconf 89' lang='lat' dir='ltr'><strong>cst,</strong></span> <span class='ocrx_word' id='word_1_167' title='bbox 990 2658 1132 2746; x_wconf 91' lang='lat' dir='ltr'><strong>quicquid</strong></span> <span class='ocrx_word' id='word_1_168' title='bbox 1154 2657 1192 2722; x_wconf 87' lang='lat' dir='ltr'><strong>ab</strong></span> <span class='ocrx_word' id='word_1_169' title='bbox 1216 2681 1319 2724; x_wconf 89' lang='lat' dir='ltr'><strong>eorum</strong></span> <span class='ocrx_word' id='word_1_170' title='bbox 1342 2682 1407 2724; x_wconf 88' lang='lat' dir='ltr'><strong>sen·</strong></span> 
     </span>
     <span class='ocr_line' id='line_1_20' title="bbox 288 2781 1406 2869; baseline 0.002 -22"><span class='ocrx_word' id='word_1_171' title='bbox 288 2784 380 2847; x_wconf 86' lang='lat' dir='ltr'><strong>tentia</strong></span> <span class='ocrx_word' id='word_1_172' title='bbox 410 2781 547 2859; x_wconf 89' lang='lat' dir='ltr'><strong>dissidet,</strong></span> <span class='ocrx_word' id='word_1_173' title='bbox 578 2786 768 2869; x_wconf 89' lang='lat' dir='ltr'><strong>perspicuum</strong></span> <span class='ocrx_word' id='word_1_174' title='bbox 797 2795 842 2846; x_wconf 89' lang='lat' dir='ltr'><strong>est</strong></span> <span class='ocrx_word' id='word_1_175' title='bbox 868 2782 900 2846; x_wconf 93' lang='lat' dir='ltr'><strong>id</strong></span> <span class='ocrx_word' id='word_1_176' title='bbox 927 2806 989 2848; x_wconf 94' lang='lat' dir='ltr'><strong>non</strong></span> <span class='ocrx_word' id='word_1_177' title='bbox 1017 2783 1073 2848; x_wconf 90' lang='lat' dir='ltr'><strong>Dei</strong></span> <span class='ocrx_word' id='word_1_178' title='bbox 1101 2803 1164 2848; x_wconf 90' lang='lat' dir='ltr'><strong>esse</strong></span> <span class='ocrx_word' id='word_1_179' title='bbox 1193 2784 1247 2849; x_wconf 91' lang='lat' dir='ltr'><strong>sed</strong></span> <span class='ocrx_word' id='word_1_180' title='bbox 1268 2785 1406 2862; x_wconf 87' lang='lat' dir='ltr'><strong>hominis,</strong></span> 
     </span>
     <span class='ocr_line' id='line_1_21' title="bbox 289 2907 1407 2996; baseline 0.003 -25"><span class='ocrx_word' id='word_1_181' title='bbox 289 2930 351 2971; x_wconf 91' lang='lat' dir='ltr'><strong>non</strong></span> <span class='ocrx_word' id='word_1_182' title='bbox 380 2908 514 2993; x_wconf 90' lang='lat' dir='ltr'><strong>corporis</strong></span> <span class='ocrx_word' id='word_1_183' title='bbox 543 2907 593 2971; x_wconf 90' lang='lat' dir='ltr'><strong>sed</strong></span> <span class='ocrx_word' id='word_1_184' title='bbox 616 2907 712 2994; x_wconf 90' lang='lat' dir='ltr'><strong>pallii,</strong></span> <span class='ocrx_word' id='word_1_185' title='bbox 742 2930 804 2971; x_wconf 94' lang='lat' dir='ltr'><strong>non</strong></span> <span class='ocrx_word' id='word_1_186' title='bbox 827 2908 982 2996; x_wconf 90' lang='lat' dir='ltr'><strong>leguminis</strong></span> <span class='ocrx_word' id='word_1_187' title='bbox 1006 2908 1058 2972; x_wconf 89' lang='lat' dir='ltr'><strong>sed</strong></span> <span class='ocrx_word' id='word_1_188' title='bbox 1082 2908 1219 2996; x_wconf 88' lang='lat' dir='ltr'><strong>siliquae,</strong></span> <span class='ocrx_word' id='word_1_189' title='bbox 1246 2931 1311 2973; x_wconf 87' lang='lat' dir='ltr'><strong>non</strong></span> <span class='ocrx_word' id='word_1_190' title='bbox 1335 2910 1407 2974; x_wconf 88' lang='lat' dir='ltr'><strong>coeli</strong></span> 
     </span>
     <span class='ocr_line' id='line_1_22' title="bbox 289 3031 1407 3122; baseline 0.002 -26"><span class='ocrx_word' id='word_1_191' title='bbox 289 3031 343 3096; x_wconf 88' lang='lat' dir='ltr'><strong>sed</strong></span> <span class='ocrx_word' id='word_1_192' title='bbox 364 3045 473 3108; x_wconf 88' lang='lat' dir='ltr'><strong>terrae,</strong></span> <span class='ocrx_word' id='word_1_193' title='bbox 497 3054 559 3095; x_wconf 90' lang='lat' dir='ltr'><strong>non</strong></span> <span class='ocrx_word' id='word_1_194' title='bbox 583 3034 776 3119; x_wconf 89' lang='lat' dir='ltr'><strong>sempiternae</strong></span> <span class='ocrx_word' id='word_1_195' title='bbox 791 3036 923 3097; x_wconf 87' lang='lat' dir='ltr'><strong>veritatis</strong></span> <span class='ocrx_word' id='word_1_196' title='bbox 947 3032 999 3096; x_wconf 91' lang='lat' dir='ltr'><strong>scd</strong></span> <span class='ocrx_word' id='word_1_197' title='bbox 1020 3032 1096 3097; x_wconf 87' lang='lat' dir='ltr'><strong>fluxi</strong></span> <span class='ocrx_word' id='word_1_198' title='bbox 1119 3046 1148 3098; x_wconf 90' lang='lat' dir='ltr'><strong>et</strong></span> <span class='ocrx_word' id='word_1_199' title='bbox 1170 3032 1272 3098; x_wconf 91' lang='lat' dir='ltr'><strong>caduci</strong></span> <span class='ocrx_word' id='word_1_200' title='bbox 1287 3036 1407 3122; x_wconf 89' lang='lat' dir='ltr'><strong>ingenii,</strong></span> 
     </span>
     <span class='ocr_line' id='line_1_23' title="bbox 289 3156 1409 3256; baseline 0.003 -35"><span class='ocrx_word' id='word_1_201' title='bbox 289 3178 351 3221; x_wconf 92' lang='lat' dir='ltr'><strong>non</strong></span> <span class='ocrx_word' id='word_1_202' title='bbox 380 3159 518 3243; x_wconf 88' lang='lat' dir='ltr'><strong>spiritus,</strong></span> <span class='ocrx_word' id='word_1_203' title='bbox 549 3160 600 3243; x_wconf 92' lang='lat' dir='ltr'><strong>qui</strong></span> <span class='ocrx_word' id='word_1_204' title='bbox 623 3156 767 3233; x_wconf 86' lang='lat' dir='ltr'><strong>vivificat,</strong></span> <span class='ocrx_word' id='word_1_205' title='bbox 798 3157 851 3221; x_wconf 91' lang='lat' dir='ltr'><strong>sed</strong></span> <span class='ocrx_word' id='word_1_206' title='bbox 873 3158 1000 3235; x_wconf 85' lang='lat' dir='ltr'><strong>litterae,</strong></span> <span class='ocrx_word' id='word_1_207' title='bbox 1032 3181 1107 3245; x_wconf 88' lang='lat' dir='ltr'><strong>quae</strong></span> <span class='ocrx_word' id='word_1_208' title='bbox 1131 3157 1247 3224; x_wconf 88' lang='lat' dir='ltr'><strong>occidit.</strong></span> <span class='ocrx_word' id='word_1_209' title='bbox 1292 3159 1337 3256; x_wconf 78' lang='lat' dir='ltr'><strong>lta</strong></span> <span class='ocrx_word' id='word_1_210' title='bbox 1355 3181 1409 3245; x_wconf 90' lang='lat' dir='ltr'><strong>per</strong></span> 
     </span>
     <span class='ocr_line' id='line_1_24' title="bbox 290 3281 1409 3371; baseline 0.004 -25"><span class='ocrx_word' id='word_1_211' title='bbox 290 3303 445 3346; x_wconf 88' lang='lat' dir='ltr'><strong>amoenum</strong></span> <span class='ocrx_word' id='word_1_212' title='bbox 474 3281 555 3344; x_wconf 93' lang='lat' dir='ltr'><strong>huno</strong></span> <span class='ocrx_word' id='word_1_213' title='bbox 584 3285 670 3367; x_wconf 88' lang='lat' dir='ltr'><strong>quasi</strong></span> <span class='ocrx_word' id='word_1_214' title='bbox 692 3281 747 3345; x_wconf 90' lang='lat' dir='ltr'><strong>Dei</strong></span> <span class='ocrx_word' id='word_1_215' title='bbox 776 3283 897 3347; x_wconf 92' lang='lat' dir='ltr'><strong>hortum</strong></span> <span class='ocrx_word' id='word_1_216' title='bbox 920 3281 1097 3371; x_wconf 85' lang='lat' dir='ltr'><strong>vagantibus</strong></span> <span class='ocrx_word' id='word_1_217' title='bbox 1128 3283 1288 3371; x_wconf 87' lang='lat' dir='ltr'><strong>spiritalem</strong></span> <span class='ocrx_word' id='word_1_218' title='bbox 1312 3281 1409 3350; x_wconf 88' lang='lat' dir='ltr'><strong>licebit</strong></span> 
     </span>
     <span class='ocr_line' id='line_1_25' title="bbox 291 3404 1408 3496; baseline 0.001 -25"><span class='ocrx_word' id='word_1_219' title='bbox 291 3429 329 3471; x_wconf 85' lang='lat' dir='ltr'><strong>ex</strong></span> <span class='ocrx_word' id='word_1_220' title='bbox 356 3406 462 3470; x_wconf 90' lang='lat' dir='ltr'><strong>arbore</strong></span> <span class='ocrx_word' id='word_1_221' title='bbox 493 3408 570 3468; x_wconf 89' lang='lat' dir='ltr'><strong>vitae</strong></span> <span class='ocrx_word' id='word_1_222' title='bbox 599 3404 727 3470; x_wconf 82' lang='lat' dir='ltr'><strong>fructum</strong></span> <span class='ocrx_word' id='word_1_223' title='bbox 763 3406 929 3485; x_wconf 87' lang='lat' dir='ltr'><strong>desumere,</strong></span> <span class='ocrx_word' id='word_1_224' title='bbox 964 3430 1060 3495; x_wconf 89' lang='lat' dir='ltr'><strong>neque</strong></span> <span class='ocrx_word' id='word_1_225' title='bbox 1089 3431 1106 3472; x_wconf 91' lang='lat' dir='ltr'><strong>a</strong></span> <span class='ocrx_word' id='word_1_226' title='bbox 1135 3406 1222 3472; x_wconf 90' lang='lat' dir='ltr'><strong>nobis</strong></span> <span class='ocrx_word' id='word_1_227' title='bbox 1252 3411 1408 3496; x_wconf 89' lang='lat' dir='ltr'><strong>quisquam</strong></span> 
     </span>
    </p>
   </div>
   <div class='ocr_carea' id='block_1_5' title="bbox 290 3529 1407 3743">
    <p class='ocr_par' dir='ltr' id='par_1_5' title="bbox 290 3529 1407 3743">
     <span class='ocr_line' id='line_1_26' title="bbox 291 3529 1407 3619; baseline 0.002 -23"><span class='ocrx_word' id='word_1_228' title='bbox 291 3535 404 3619; x_wconf 84' lang='lat' dir='ltr'><strong>exiget,</strong></span> <span class='ocrx_word' id='word_1_229' title='bbox 428 3544 463 3595; x_wconf 89' lang='grc' dir='ltr'><strong>ιιι</strong></span> <span class='ocrx_word' id='word_1_230' title='bbox 486 3533 624 3594; x_wconf 86' lang='lat' dir='ltr'><strong>corticem</strong></span> <span class='ocrx_word' id='word_1_231' title='bbox 643 3544 696 3595; x_wconf 87' lang='lat' dir='ltr'><strong>aut</strong></span> <span class='ocrx_word' id='word_1_232' title='bbox 716 3529 804 3609; x_wconf 85' lang='lat' dir='ltr'><strong>lolia,</strong></span> <span class='ocrx_word' id='word_1_233' title='bbox 828 3545 864 3597; x_wconf 89' lang='lat' dir='ltr'><strong>ut</strong></span> <span class='ocrx_word' id='word_1_234' title='bbox 878 3536 1005 3598; x_wconf 91' lang='lat' dir='ltr'><strong>crassius</strong></span> <span class='ocrx_word' id='word_1_235' title='bbox 1021 3532 1172 3619; x_wconf 86' lang='lat' dir='ltr'><strong>quoddam</strong></span> <span class='ocrx_word' id='word_1_236' title='bbox 1186 3537 1407 3609; x_wconf 89' lang='lat' dir='ltr'><strong>nutrimentum,</strong></span> 
     </span>
     <span class='ocr_line' id='line_1_27' title="bbox 290 3655 676 3743; baseline 0.003 -24"><span class='ocrx_word' id='word_1_237' title='bbox 290 3659 454 3743; x_wconf 89' lang='lat' dir='ltr'><strong>perniciose</strong></span> <span class='ocrx_word' id='word_1_238' title='bbox 478 3655 676 3720; x_wconf 88' lang='lat' dir='ltr'><strong>comedamus.</strong></span> 
     </span>
    </p>
   </div>
   <div class='ocr_carea' id='block_1_6' title="bbox 221 3826 1411 4390">
    <p class='ocr_par' dir='ltr' id='par_1_6' title="bbox 221 3826 1411 4390">
     <span class='ocr_line' id='line_1_28' title="bbox 367 3826 1410 3904; baseline 0.006 -25"><span class='ocrx_word' id='word_1_239' title='bbox 367 3826 386 3893; x_wconf 64' lang='lat' dir='ltr'><strong>i)</strong></span> <span class='ocrx_word' id='word_1_240' title='bbox 411 3827 545 3882; x_wconf 82' lang='lat' dir='ltr'><strong>Gausscnii</strong></span> <span class='ocrx_word' id='word_1_241' title='bbox 559 3829 634 3883; x_wconf 81' lang='lat' dir='ltr'><strong>verba</strong></span> <span class='ocrx_word' id='word_1_242' title='bbox 649 3837 721 3884; x_wconf 86' lang='lat' dir='ltr'><strong>sunt:</strong></span> <span class='ocrx_word' id='word_1_243' title='bbox 741 3830 802 3902; x_wconf 80' lang='lat' dir='ltr'><strong>-lly</strong></span> <span class='ocrx_word' id='word_1_244' title='bbox 816 3829 960 3902; x_wconf 77' lang='lat' dir='ltr'><strong>distinctiqe</strong></span> <span class='ocrx_word' id='word_1_245' title='bbox 979 3831 1072 3904; x_wconf 83' lang='lat' dir='ltr'><strong>theory</strong></span> <span class='ocrx_word' id='word_1_246' title='bbox 1091 3850 1124 3887; x_wconf 94' lang='lat' dir='ltr'><strong>on</strong></span> <span class='ocrx_word' id='word_1_247' title='bbox 1143 3833 1195 3886; x_wconf 88' lang='lat' dir='ltr'><strong>this</strong></span> <span class='ocrx_word' id='word_1_248' title='bbox 1214 3831 1314 3902; x_wconf 87' lang='lat' dir='ltr'><strong>subject</strong></span> <span class='ocrx_word' id='word_1_249' title='bbox 1329 3834 1350 3886; x_wconf 88' lang='lat' dir='ltr'><strong>is</strong></span> <span class='ocrx_word' id='word_1_250' title='bbox 1365 3839 1410 3885; x_wconf 87' lang='lat' dir='ltr'><strong>not</strong></span> 
     </span>
     <span class='ocr_line' id='line_1_29' title="bbox 221 3923 1410 4002; baseline 0.006 -25"><span class='ocrx_word' id='word_1_251' title='bbox 221 3965 223 3969; x_wconf 27' lang='lat' dir='ltr'>v</span> <span class='ocrx_word' id='word_1_252' title='bbox 290 3933 317 3978; x_wconf 90' lang='lat' dir='ltr'><strong>to</strong></span> <span class='ocrx_word' id='word_1_253' title='bbox 337 3923 401 3978; x_wconf 81' lang='lat' dir='ltr'><strong>have</strong></span> <span class='ocrx_word' id='word_1_254' title='bbox 420 3942 433 3977; x_wconf 86' lang='lat' dir='ltr'><strong>a</strong></span> <span class='ocrx_word' id='word_1_255' title='bbox 452 3925 544 3999; x_wconf 84' lang='lat' dir='ltr'><strong>theory</strong></span> <span class='ocrx_word' id='word_1_256' title='bbox 560 3936 585 3980; x_wconf 88' lang='lat' dir='ltr'><strong>at</strong></span> <span class='ocrx_word' id='word_1_257' title='bbox 599 3927 640 3983; x_wconf 89' lang='lat' dir='ltr'><strong>all.</strong></span> <span class='ocrx_word' id='word_1_258' title='bbox 670 3928 693 3981; x_wconf 87' lang='lat' dir='ltr'><strong>lt</strong></span> <span class='ocrx_word' id='word_1_259' title='bbox 706 3930 728 3981; x_wconf 89' lang='lat' dir='ltr'><strong>is</strong></span> <span class='ocrx_word' id='word_1_260' title='bbox 741 3928 784 3981; x_wconf 90' lang='lat' dir='ltr'><strong>the</strong></span> <span class='ocrx_word' id='word_1_261' title='bbox 797 3927 848 3981; x_wconf 85' lang='lat' dir='ltr'><strong>fact</strong></span> <span class='ocrx_word' id='word_1_262' title='bbox 861 3926 891 3980; x_wconf 86' lang='lat' dir='ltr'><strong>ol</strong></span> <span class='ocrx_word' id='word_1_263' title='bbox 900 3928 942 3981; x_wconf 90' lang='lat' dir='ltr'><strong>the</strong></span> <span class='ocrx_word' id='word_1_264' title='bbox 956 3928 1059 4002; x_wconf 86' lang='lat' dir='ltr'><strong>plenary</strong></span> <span class='ocrx_word' id='word_1_265' title='bbox 1074 3932 1224 4001; x_wconf 80' lang='lat' dir='ltr'><strong>inspiration</strong></span> <span class='ocrx_word' id='word_1_266' title='bbox 1239 3930 1269 3984; x_wconf 84' lang='lat' dir='ltr'><strong>ol</strong></span> <span class='ocrx_word' id='word_1_267' title='bbox 1279 3929 1410 4001; x_wconf 82' lang='lat' dir='ltr'><strong>Scriptura</strong></span> 
     </span>
     <span class='ocr_line' id='line_1_30' title="bbox 290 4021 1411 4090; baseline 0.007 -14"><span class='ocrx_word' id='word_1_268' title='bbox 290 4021 375 4076; x_wconf 87' lang='lat' dir='ltr'><strong>which</strong></span> <span class='ocrx_word' id='word_1_269' title='bbox 393 4022 405 4075; x_wconf 98' lang='lat' dir='ltr'><strong>l</strong></span> <span class='ocrx_word' id='word_1_270' title='bbox 424 4022 487 4078; x_wconf 89' lang='lat' dir='ltr'><strong>bold</strong></span> <span class='ocrx_word' id='word_1_271' title='bbox 506 4023 565 4078; x_wconf 85' lang='lat' dir='ltr'><strong>dcar</strong></span> <span class='ocrx_word' id='word_1_272' title='bbox 584 4025 634 4079; x_wconf 82' lang='lat' dir='ltr'><strong>and</strong></span> <span class='ocrx_word' id='word_1_273' title='bbox 652 4024 753 4090; x_wconf 86' lang='lat' dir='ltr'><strong>sacred,</strong></span> <span class='ocrx_word' id='word_1_274' title='bbox 772 4025 849 4080; x_wconf 90' lang='lat' dir='ltr'><strong>while</strong></span> <span class='ocrx_word' id='word_1_275' title='bbox 868 4026 911 4081; x_wconf 89' lang='lat' dir='ltr'><strong>the</strong></span> <span class='ocrx_word' id='word_1_276' title='bbox 929 4026 1005 4080; x_wconf 90' lang='lat' dir='ltr'><strong>mode</strong></span> <span class='ocrx_word' id='word_1_277' title='bbox 1024 4029 1046 4082; x_wconf 88' lang='lat' dir='ltr'><strong>is</strong></span> <span class='ocrx_word' id='word_1_278' title='bbox 1059 4028 1188 4084; x_wconf 81' lang='lat' dir='ltr'><strong>unknown</strong></span> <span class='ocrx_word' id='word_1_279' title='bbox 1202 4028 1251 4083; x_wconf 82' lang='lat' dir='ltr'><strong>and</strong></span> <span class='ocrx_word' id='word_1_280' title='bbox 1265 4028 1411 4085; x_wconf 79' lang='lat' dir='ltr'><strong>indifferent</strong></span> 
     </span>
     <span class='ocr_line' id='line_1_31' title="bbox 290 4121 1410 4206; baseline 0.007 -33"><span class='ocrx_word' id='word_1_281' title='bbox 290 4127 318 4206; x_wconf 66' lang='lat' dir='ltr'><strong>tp</strong></span> <span class='ocrx_word' id='word_1_282' title='bbox 338 4138 377 4174; x_wconf 88' lang='lat' dir='ltr'><strong>me</strong></span> <span class='ocrx_word' id='word_1_283' title='bbox 396 4121 503 4176; x_wconf 84' lang='lat' dir='ltr'><strong>because</strong></span> <span class='ocrx_word' id='word_1_284' title='bbox 521 4125 542 4174; x_wconf 88' lang='lat' dir='ltr'><strong>it</strong></span> <span class='ocrx_word' id='word_1_285' title='bbox 559 4124 582 4176; x_wconf 89' lang='lat' dir='ltr'><strong>is</strong></span> <span class='ocrx_word' id='word_1_286' title='bbox 600 4130 646 4175; x_wconf 90' lang='lat' dir='ltr'><strong>not</strong></span> <span class='ocrx_word' id='word_1_287' title='bbox 664 4122 790 4178; x_wconf 82' lang='lat' dir='ltr'><strong>rcvcalcd.</strong></span> <span class='ocrx_word' id='word_1_288' title='bbox 804 4152 837 4162; x_wconf 93' lang='lat'>-</span> <span class='ocrx_word' id='word_1_289' title='bbox 857 4123 883 4178; x_wconf 91' lang='lat' dir='ltr'><strong>ls</strong></span> <span class='ocrx_word' id='word_1_290' title='bbox 903 4125 923 4178; x_wconf 86' lang='lat' dir='ltr'><strong>it</strong></span> <span class='ocrx_word' id='word_1_291' title='bbox 934 4131 980 4178; x_wconf 86' lang='lat' dir='ltr'><strong>not</strong></span> <span class='ocrx_word' id='word_1_292' title='bbox 993 4125 1094 4198; x_wconf 78' lang='lat' dir='ltr'><strong>enough</strong></span> <span class='ocrx_word' id='word_1_293' title='bbox 1111 4125 1152 4179; x_wconf 88' lang='lat' dir='ltr'><strong>lor</strong></span> <span class='ocrx_word' id='word_1_294' title='bbox 1165 4143 1203 4180; x_wconf 88' lang='lat' dir='ltr'><strong>mc</strong></span> <span class='ocrx_word' id='word_1_295' title='bbox 1217 4125 1313 4199; x_wconf 81' lang='lat' dir='ltr'><strong>always</strong></span> <span class='ocrx_word' id='word_1_296' title='bbox 1327 4135 1353 4181; x_wconf 87' lang='lat' dir='ltr'><strong>to</strong></span> <span class='ocrx_word' id='word_1_297' title='bbox 1368 4145 1410 4182; x_wconf 87' lang='lat' dir='ltr'><strong>sce</strong></span> 
     </span>
     <span class='ocr_line' id='line_1_32' title="bbox 291 4218 1410 4297; baseline 0.007 -27"><span class='ocrx_word' id='word_1_298' title='bbox 291 4219 318 4270; x_wconf 92' lang='lat' dir='ltr'><strong>in</strong></span> <span class='ocrx_word' id='word_1_299' title='bbox 329 4218 408 4272; x_wconf 82' lang='lat' dir='ltr'><strong>Jecur</strong></span> <span class='ocrx_word' id='word_1_300' title='bbox 422 4218 508 4274; x_wconf 83' lang='lat' dir='ltr'><strong>Christ</strong></span> <span class='ocrx_word' id='word_1_301' title='bbox 526 4220 569 4274; x_wconf 89' lang='lat' dir='ltr'><strong>the</strong></span> <span class='ocrx_word' id='word_1_302' title='bbox 582 4219 635 4274; x_wconf 92' lang='lat' dir='ltr'><strong>Son</strong></span> <span class='ocrx_word' id='word_1_303' title='bbox 656 4219 686 4273; x_wconf 84' lang='lat' dir='ltr'><strong>ol</strong></span> <span class='ocrx_word' id='word_1_304' title='bbox 696 4237 753 4275; x_wconf 84' lang='lat' dir='ltr'><strong>man</strong></span> <span class='ocrx_word' id='word_1_305' title='bbox 773 4222 821 4276; x_wconf 85' lang='lat' dir='ltr'><strong>and</strong></span> <span class='ocrx_word' id='word_1_306' title='bbox 842 4222 883 4277; x_wconf 87' lang='lat' dir='ltr'><strong>the</strong></span> <span class='ocrx_word' id='word_1_307' title='bbox 897 4221 952 4278; x_wconf 90' lang='lat' dir='ltr'><strong>Son</strong></span> <span class='ocrx_word' id='word_1_308' title='bbox 969 4222 998 4276; x_wconf 87' lang='lat' dir='ltr'><strong>ol</strong></span> <span class='ocrx_word' id='word_1_309' title='bbox 1009 4223 1080 4289; x_wconf 84' lang='lat' dir='ltr'><strong>God,</strong></span> <span class='ocrx_word' id='word_1_310' title='bbox 1099 4240 1126 4278; x_wconf 81' lang='lat' dir='ltr'><strong>rs</strong></span> <span class='ocrx_word' id='word_1_311' title='bbox 1140 4225 1160 4278; x_wconf 86' lang='lat' dir='ltr'><strong>it</strong></span> <span class='ocrx_word' id='word_1_312' title='bbox 1172 4225 1194 4278; x_wconf 91' lang='lat' dir='ltr'><strong>is</strong></span> <span class='ocrx_word' id='word_1_313' title='bbox 1207 4224 1248 4279; x_wconf 84' lang='lat' dir='ltr'><strong>lor</strong></span> <span class='ocrx_word' id='word_1_314' title='bbox 1261 4242 1301 4279; x_wconf 90' lang='lat' dir='ltr'><strong>me</strong></span> <span class='ocrx_word' id='word_1_315' title='bbox 1314 4225 1410 4297; x_wconf 84' lang='lat' dir='ltr'><strong>always</strong></span> 
     </span>
     <span class='ocr_line' id='line_1_33' title="bbox 291 4316 1390 4390; baseline 0.008 -23"><span class='ocrx_word' id='word_1_316' title='bbox 291 4321 318 4368; x_wconf 85' lang='lat' dir='ltr'><strong>to</strong></span> <span class='ocrx_word' id='word_1_317' title='bbox 338 4333 379 4369; x_wconf 88' lang='lat' dir='ltr'><strong>see</strong></span> <span class='ocrx_word' id='word_1_318' title='bbox 399 4318 424 4370; x_wconf 89' lang='lat' dir='ltr'><strong>in</strong></span> <span class='ocrx_word' id='word_1_319' title='bbox 443 4317 485 4371; x_wconf 85' lang='lat' dir='ltr'><strong>the</strong></span> <span class='ocrx_word' id='word_1_320' title='bbox 505 4316 567 4390; x_wconf 90' lang='lat' dir='ltr'><strong>holy</strong></span> <span class='ocrx_word' id='word_1_321' title='bbox 588 4317 732 4390; x_wconf 82' lang='lat' dir='ltr'><strong>Scripturas</strong></span> <span class='ocrx_word' id='word_1_322' title='bbox 752 4319 795 4375; x_wconf 85' lang='lat' dir='ltr'><strong>the</strong></span> <span class='ocrx_word' id='word_1_323' title='bbox 813 4321 886 4376; x_wconf 91' lang='lat' dir='ltr'><strong>word</strong></span> <span class='ocrx_word' id='word_1_324' title='bbox 906 4321 936 4376; x_wconf 84' lang='lat' dir='ltr'><strong>ol</strong></span> <span class='ocrx_word' id='word_1_325' title='bbox 952 4339 1010 4376; x_wconf 86' lang='lat' dir='ltr'><strong>man</strong></span> <span class='ocrx_word' id='word_1_326' title='bbox 1028 4321 1077 4377; x_wconf 81' lang='lat' dir='ltr'><strong>and</strong></span> <span class='ocrx_word' id='word_1_327' title='bbox 1095 4320 1139 4377; x_wconf 90' lang='lat' dir='ltr'><strong>the</strong></span> <span class='ocrx_word' id='word_1_328' title='bbox 1156 4321 1231 4376; x_wconf 85' lang='lat' dir='ltr'><strong>word</strong></span> <span class='ocrx_word' id='word_1_329' title='bbox 1250 4322 1281 4376; x_wconf 81' lang='lat' dir='ltr'><strong>ol</strong></span> <span class='ocrx_word' id='word_1_330' title='bbox 1297 4322 1390 4377; x_wconf 78' lang='lat' dir='ltr'><strong>corr·</strong></span> 
     </span>
    </p>
   </div>
   <div class='ocr_carea' id='block_1_7' title="bbox 750 4469 790 4480">
    <p class='ocr_par' dir='ltr' id='par_1_7' title="bbox 750 4469 790 4480">
     <span class='ocr_line' id='line_1_34' title="bbox 750 4469 790 4480; baseline 0 0"><span class='ocrx_word' id='word_1_331' title='bbox 750 4469 790 4480; x_wconf 67' lang='lat' dir='ltr'><strong>—a</strong></span> 
     </span>
    </p>
   </div>
   <div class='ocr_carea' id='block_1_8' title="bbox 0 0 1597 5178">
    <p class='ocr_par' dir='ltr' id='par_1_8' title="bbox 0 0 1597 5178">
     <span class='ocr_line' id='line_1_35' title="bbox 0 0 1597 5178; baseline 0 0"><span class='ocrx_word' id='word_1_332' title='bbox 0 0 1597 5178; x_wconf 95' lang='lat' dir='ltr'><strong> </strong></span> 
     </span>
    </p>
   </div>
  </div>
 </body>
</html>
