3160 5170
438 649 503 736 §d
534 651 573 720 Ie
596 653 673 720 duos
693 653 849 728 Rocboloe
864 653 960 746 filios.

235 812 316 890 Quae
343 813 516 903 quibusdam
548 814 754 904 interpretibus
781 815 972 884 inextricabili
1000 813 1169 884 difficultate
1194 820 1252 884 im·

145 939 245 1028 pcdita
270 939 386 1006 videtm
405 939 629 1028 Josephidarum
654 940 831 1020 benedictio,
860 963 894 1008 oa
920 941 1030 1008 latioris
1057 943 1169 1010 cruces
1196 963 1252 1030 ope

145 1066 289 1132 illustrata
310 1063 474 1134 facillimum
495 1066 617 1154 praebet
637 1087 763 1143 sensum,
788 1067 838 1156 qni
859 1089 926 1132 cum
948 1069 1108 1156 antiquiore
1127 1067 1253 1154 ldphrai·

147 1193 283 1258 mtcmm
303 1191 424 1258 historia
444 1193 592 1280 aptissime
612 1191 773 1258 cohaereat.
800 1191 834 1258 In
855 1195 955 1280 primis
975 1191 1047 1258 mihi
1063 1194 1254 1260 camisianum

148 1315 263 1382 videtu
279 1337 390 1384 errasse
409 1337 469 1393 eos,
486 1319 536 1406 qui
554 1338 641 1382 voces
656 1309 734 1421 t't'tb
749 1317 792 1419 Ἰζᾶ
807 1317 845 1384 ad
867 1316 975 1405 unges,
995 1339 1102 1396 ramos,
1118 1318 1164 1384 vei
1186 1339 1253 1386 sur·

146 1441 227 1508 culos
242 1440 457 1530 qualescrmque
475 1441 658 1519 retuderunt,
673 1463 776 1508 verum
798 1455 894 1510 autem
914 1443 1019 1510 vidisse
1033 1440 1254 1512 Schumannunr

145 1565 289 1654 aliosque,
321 1569 373 1654 qui
403 1558 482 1671 ΠἸΕ
513 1567 589 1634 idem
622 1589 686 1634 esse
721 1580 828 1656 putant
859 1565 955 1658 quod·
972 1573 1051 1673 ἣἸξ
1075 1571 1253 1653 mesecin,

143 1711 285 1775 nomam,
312 1702 348 1758 ut
378 1690 450 1758 adeo
478 1682 626 1797 ”Fi-3³
653 1694 714 1758 sive
740 1693 887 1797 τῆξ-Ἰζᾶ
908 1691 1015 1780 polites
1040 1713 1167 1778 coccae,
1194 1694 1255 1762 iem

144 1815 221 1884 idern
243 1819 295 1894 sit,
319 1816 399 1906 quod
421 1817 570 1922 ἾΡΞἸἸ
592 1816 688 1884 Exod
704 1815 820 1894 XXIX,
839 1816 873 1896 l,
897 1820 916 1884 i.
937 1839 962 1884 e.
974 1821 1134 1902 piscaturus.
1178 1818 1254 1888 Nam

145 1963 185 2008 ne
210 1953 336 2029 repetam
362 1954 478 2028 poetam
511 1955 644 2008 nostmm
671 1945 810 2029 imagines
841 1963 910 2008 suas
936 1965 998 2010 non
1023 1965 1043 2010 a
1067 1944 1175 2032 plantis
1202 1945 1255 2014 scd

144 2066 183 2139 ab
205 2067 376 2136 animalibus
398 2066 557 2146 derivasse,
582 2070 800 2154 sagittariorum
827 2071 934 2136 mendo
961 2071 1076 2136 minime
1098 2069 1257 2160 quadraret

142 2195 176 2258 in
201 2192 340 2280 plantam.
386 2191 553 2270 Praeterea,
581 2196 613 2260 in
631 2192 721 2260 Dent.
736 2191 878 2272 XXXIII,
902 2193 958 2274 rt,
986 2195 1038 2262 ubi
1064 2197 1257 2284 interpolator

142 2317 192 2388 ille
218 2318 383 2406 planissime
408 2321 538 2386 imitabar
563 2331 697 2386 nostum
724 2341 854 2396 carmem
876 2318 1006 2406 iosepho
1028 2319 1117 2387 decus
1144 2324 1255 2408 pmcne·

145 2446 234 2536 geniti
259 2443 345 2510 bovis
372 2456 538 2531 exoptatm.
585 2443 747 2520 Quinetiam
773 2443 928 2524 decanias,
956 2447 1007 2532 qui
1037 2447 1063 2509 si
1089 2449 1154 2534 quis
1182 2447 1256 2514 alius

145 2568 237 2656 probe
264 2570 401 2656 cognorit
426 2569 533 2637 librum
559 2568 769 2646 Jasbaranum
798 2569 835 2636 de
860 2568 1019 2657 Ephraimo
1048 2568 1104 2636 sub
1132 2573 1255 2660 imagine

144 2694 227 2760 vituli
249 2691 407 2762 refractarii
428 2694 559 2783 loquitm
575 2689 697 2777 (XXXI,
715 2689 779 2776 18).
810 2693 850 2762 Ut
871 2697 975 2760 tertius
996 2695 1156 2762 versicrdus
1178 2699 1256 2764 omni

145 2817 212 2884 labe
226 2832 331 2896 careat,
347 2819 519 2893 levissimam
542 2820 718 2910 eandemque
740 2822 928 2888 cerdesimam
951 2819 1178 2888 emendationem
1201 2821 1255 2890 sd·

145 2941 300 3015 hibendum
321 2967 435 3013 censeo.
458 2945 570 3013 Inserta
591 2949 665 3014 enim
680 2969 738 3012 coc
753 2957 814 3014 tam
836 2958 902 3012 ante
917 2968 1005 3035 quarn
1026 2959 1096 3034 post
1110 2941 1194 3024 W,
1210 2948 1257 3014 vel

144 3069 200 3138 bac
221 3072 321 3157 potius
344 3069 382 3138 ab
396 3073 477 3140 initio
492 3074 638 3160 sequentis
653 3072 787 3140 versiculi
808 3071 859 3138 illa
880 3094 895 3138 e
916 3071 1011 3138 media
1030 3093 1101 3140 voce
1115 3071 1254 3151 detineto,

146 3197 274 3282 optimus
297 3218 399 3266 sensus
413 3198 526 3262 restitui
545 3208 659 3282 potest3
681 3200 854 3284 praesertim
874 3199 899 3262 si
921 3219 987 3264 cim
1001 3197 1118 3285 ssgenin,
1134 3196 1255 3277 Vatero,

144 3319 241 3402 Justo,
265 3333 296 3388 ct
317 3321 439 3389 Gesenio
461 3343 516 3408 pro
533 3313 626 3424 nii?
648 3333 758 3388 statum
781 3333 981 3389 constructam
1003 3315 1096 3396 ntra
1119 3323 1254 3391 sufficias.

146 3443 262 3534 Quippe
294 3449 335 3514 sio
370 3445 504 3514 decurret
537 3448 692 3512 sententia:
726 3445 821 3512 »filiae
854 3449 1043 3522 ascensionis,
1080 3417 1100 3512 't
1127 3469 1152 3512 c.
1178 3446 1257 3516 ferae

145 3582 313 3650 montanae,
342 3570 554 3642 insidiabantur
580 3593 670 3660 super
691 3592 776 3637 eum«
800 3565 874 3675 ἸἾΨ
897 3544 986 3675 ”ib
1029 3569 1161 3638 Verbum
1183 3568 1256 3644 'etti

146 3695 288 3781 significat
301 3695 446 3762 imidiori
465 3718 530 3762 curn
553 3699 766 3784 praepositione
781 3672 842 3787 ¹72,
866 3707 900 3762 ut
921 3696 977 3774 hic,
1000 3698 1031 3762 in
1052 3696 1118 3764 loeo
1132 3697 1255 3774 Hoseae

144 3819 198 3886 ubi
225 3819 261 3886 de
288 3820 350 3886 sera
375 3822 507 3888 latitante
535 3833 564 3886 et
590 3821 743 3888 insidiante
770 3845 865 3888 sermo
893 3835 938 3888 ost
966 3818 1062 3904 (xm,
1082 3817 1134 3905 7):
1156 3826 1256 3926 ἺᾨἸᾷ

146 3939 249 4050 ἮΨἸέ
271 3921 434 4054 ἸἸἸᾚ
458 3951 554 4014 »siout
579 3947 722 4034 panthera
748 3968 838 4035 super
858 3950 934 4014 viam
960 3947 1147 4014 insidiaborr.
1192 3916 1257 4017 dam

144 4091 216 4140 veru
242 4082 303 4138 mm
330 4071 407 4140 ferae
434 4095 522 4160 mam
548 4084 701 4140 venatores
728 4071 866 4159 praedam
899 4095 983 4142 suam
1012 4072 1051 4140 ad
1081 4072 1175 4140 fontes
1202 4095 1256 4142 en·

144 4207 287 4284 spectant.
332 4195 376 4264 lte
400 4220 455 4264 rex
476 4197 639 4264 Dasaratha
665 4200 695 4262 iu
718 4195 894 4267 Sauscritico
916 4210 1049 4288 poemate
1070 4197 1260 4288 Rdmdpcad

145 4321 327 4408 elephantem
353 4323 394 4390 ad
420 4345 524 4410 aquarn
557 4322 706 4390 insidiatus
734 4325 871 4390 miserum
897 4323 978 4390 iilum
1006 4325 1139 4390 eremitae
1165 4323 1257 4388 filium

145 4448 252 4536 sagitta
285 4447 398 4514 oceidit
454 4447 494 4516 Et
525 4450 549 4514 si
582 4449 771 4516 recentiorem
805 4459 953 4516 auctorem
982 4446 1142 4526 desideras,
1176 4448 1257 4538 legas
