3152 5160
838 335 890 408 90

486 547 587 634 Atque
610 559 645 610 ut
666 545 835 610 benedicam
859 543 913 608 tibi
937 565 975 609 ex
998 545 1087 610 eorde
1109 569 1205 612 mem«

253 686 463 744 doemunt]
489 670 605 736 Obtulit
627 693 698 758 ergo
722 670 859 747 ferinam,
885 683 914 734 et
937 670 1064 735 eomedit
1086 683 1186 757 pater3

488 795 604 861 Obtulit
626 817 747 882 quoque
771 798 887 871 vinum,
912 808 941 858 et
963 808 1048 882 pater
1069 793 1154 858 bibit.

488 918 603 1002 Quibus
633 923 775 1007 sumptis,
806 919 923 984 lsaeeus
941 921 1035 1004 jussit
1056 919 1201 986 Jacobum
1229 919 1364 986 accedere
1395 932 1425 983 et

943 1066 975 1108 se
998 1044 1134 1109 oseulari.

413 1184 462 1241 [ert
487 1169 562 1234 Dein
584 1170 712 1247 Isaaeus,
736 1170 858 1235 simulat
880 1173 972 1236 sensit
995 1168 1118 1235 odorem
1141 1172 1283 1245 vestium,
1307 1167 1422 1233 latebo

943 1293 1096 1360 benedixit
1117 1297 1164 1360 bis
1187 1293 1301 1360 verbis:

488 1420 595 1486 »Eecel
627 1420 703 1486 odor
732 1420 781 1485 filii
811 1423 866 1484 mei
889 1433 934 1484 est
957 1423 1034 1484 sieut
1056 1419 1132 1484 odor
1155 1423 1219 1507 agri
1241 1418 1346 1495 felitis,
1375 1422 1422 1482 eui

942 1543 1094 1610 benedixit
1116 1544 1240 1610 Jehova.

413 1686 462 1743 [aa]
486 1671 544 1734 Det
566 1669 621 1734 tibi
643 1668 725 1734 Deus
748 1692 764 1734 e
786 1691 855 1736 rore
878 1669 951 1733 coeli
974 1682 1003 1735 et
1024 1681 1118 1734 terrae
1140 1670 1334 1757 pinguedine,

380 1759 393 1820 Ι
485 1795 525 1858 Et
546 1794 685 1860 frumenti
708 1807 737 1859 et
760 1798 821 1859 vini
845 1798 959 1882 copiam
981 1797 1139 1882 ingentem.

413 1935 462 1991 [set
487 1919 624 1986 Serviunt
647 1919 701 1985 tibi
722 1933 839 2007 gentes,
865 1919 989 1984 adorent
1010 1932 1039 1984 te
1061 1919 1183 2006 populi3

486 2044 632 2109 Dominus
656 2047 697 2108 sis
720 2043 844 2110 fratrum
866 2058 1003 2121 tuorum,
1027 2045 1079 2108 filii
1100 2047 1202 2108 matris
1225 2057 1293 2108 tuae
1310 2043 1420 2108 inflexo

942 2183 972 2234 te
996 2191 1120 2256 corpere
1143 2181 1328 2234 venerentur.

488 2295 547 2379 Qui
569 2307 598 2359 te
620 2293 817 2371 maledixerit,
841 2298 866 2360 is
890 2294 1137 2364 siamdedietus:

482 2419 545 2504 ,Qui
560 2420 615 2484 tibi
628 2420 703 2484 bene
715 2432 861 2506 precatur,
877 2422 903 2482 is
915 2418 1013 2485 fausta
1025 2423 1123 2483 omnia
1134 2441 1167 2483 ae
1179 2418 1272 2483 lelieia
1283 2415 1419 2482 habeat«

412 2560 461 2618 ree}
485 2545 547 2610 Vix
569 2545 656 2610 finem
679 2544 788 2610 fecerat
801 2545 931 2622 baeeus,
955 2544 1086 2610 Jaeobus
1110 2557 1207 2610 autem
1225 2565 1360 2632 egressus
1377 2555 1423 2607 est

944 2668 1038 2747 feres,

413 2809 462 2868 [ει]
487 2795 587 2879 Quum
608 2795 724 2860 Esavus
747 2798 828 2859 venit
855 2819 871 2860 a
894 2799 1064 2872 venatione,
1095 2807 1125 2860 et
1149 2807 1237 2881 parat
1258 2797 1321 2882 ipse
1344 2813 1422 2880 quo-

837 2963 842 2988 t
944 2942 1001 3007 que
1024 2919 1121 2996 eibos,

488 3043 571 3126 Ques
594 3047 672 3131 patri
695 3043 804 3110 obtulit
826 3043 940 3110 dicens:
971 3044 1143 3134 »Agedum
1170 3042 1288 3109 comede
1312 3041 1348 3107 de
1371 3065 1423 3108 ve-

943 3174 1063 3236 natione
1083 3170 1137 3236 filii
1158 3172 1218 3246 tui,

489 3293 527 3360 Ut
549 3316 587 3360 ex
609 3295 698 3360 eorde
720 3295 793 3360 mihi
814 3294 1001 3361 benedicas«

412 3435 462 3493 [eet
485 3421 601 3485 isaacus
626 3433 737 3486 autem:
762 3420 856 3504 »Quis
880 3424 956 3486 enim
978 3433 1013 3485 tu
1036 3419 1108 3486 esi«
1131 3422 1238 3506 inquit.
1267 3389 1274 3409 Ι

485 3546 535 3611 Ille
558 3567 644 3612 vero:
670 3545 835 3631 »Equidem
857 3545 935 3610 filius
959 3568 1025 3610 sum
1047 3558 1118 3610 tuus
1140 3547 1386 3632 primogenitus«

412 3686 462 3742 {ee}
487 3671 566 3735 Turn
587 3672 703 3735 isaacus
726 3674 900 3758 perterritus
923 3671 1001 3735 ultra
1024 3693 1112 3758 quam
1135 3670 1352 3757 credipotest,

486 3795 580 3879 »Quis
609 3799 701 3883 igitur
727 3795 785 3860 luit
807 3810 931 3861 venator
953 3796 1036 3874 ille«,
1066 3796 1224 3872 exclamat,
1255 3798 1327 3883 »qui
1349 3795 1421 3860 mihi

942 3919 1064 3984 lerinam
1088 3921 1210 3998 obtulit,

487 4046 582 4130 Quam
605 4068 697 4132 quum
720 4044 845 4110 edissem
868 4037 1024 4133 antequem
1046 4059 1081 4112 tu
1103 4048 1232 4124 venires,

485 4171 629 4236 Benedixi
651 4170 706 4248 illi,
731 4182 761 4236 et
782 4171 887 4258 procul
911 4170 1002 4236 dubie
1026 4175 1051 4236 is
1074 4171 1179 4237 beatus
1204 4175 1289 4237 erit«

355 4267 371 4286 ⁸
412 4312 462 4370 [est
485 4297 539 4362 His
562 4295 671 4362 auditis
692 4296 809 4362 Esavus
831 4301 980 4385 ingentem
1003 4297 1144 4383 ejulatum
1167 4297 1289 4362 sustulit

485 4422 524 4487 llt
544 4423 708 4510 lacrymans
725 4423 819 4490 fatur:
844 4423 938 4490 »Mihi
955 4443 1075 4509 quoque
1089 4421 1226 4500 benedic,
1251 4425 1290 4490 mi
1305 4434 1414 4510 patera
