3164 5176
688 339 764 414 tot

700 553 734 613 σέ
757 551 794 614 δὲ
815 549 916 636 τούτῳ
940 542 1033 637 λόγῳ

210 651 351 740 χρησμὸς
369 650 528 742 ὤρθωσεν
542 655 733 738 μελίσσας
748 655 911 739 Δελφίδος
927 655 1097 744 αὐτομάτῳ
1113 658 1239 747 κελάδῳ

988 785 1028 858 (r.
1045 787 1092 858 rr,
1109 783 1171 860 60).

164 924 334 1008 Quinetiam
357 921 438 1008 apud
461 945 562 988 omnes
585 922 644 988 lere
667 936 769 1011 gentes
790 927 1009 1010 antianssImas
1026 924 1115 989 arbor
1130 926 1282 1012 quaedam,

163 1071 197 1113 ac
220 1049 392 1135 praesertIm
416 1069 552 1134 quercus,
576 1071 632 1135 pro
656 1048 725 1112 sede
749 1047 867 1112 latidica
891 1048 1001 1115 delecta
1023 1063 1094 1113 erat.
1135 1049 1283 1115 Deboram
1398 1135 1401 1142 Δ

163 1187 263 1238 autem
292 1185 423 1238 nostram
449 1173 581 1249 oracula,
612 1171 743 1237 Jehovae
765 1177 884 1238 nomine
908 1188 937 1238 et
960 1175 1061 1239 divino
1086 1174 1215 1260 quodam
1239 1179 1285 1239 in-

163 1302 275 1364 stinctu
309 1296 489 1384 afflatuque,
522 1297 606 1362 edere
640 1298 757 1362 solitam
786 1321 863 1376 esse,
900 1321 939 1364 ex
966 1303 1031 1386 ipsa
1059 1299 1184 1362 historia
1212 1303 1284 1363 satis

162 1436 297 1510 apparet.
330 1421 405 1486 Nam
421 1421 552 1486 Jehovae
574 1426 693 1488 nomine
708 1423 847 1511 Baraquo
871 1427 1021 1511 praecepit
1042 1436 1077 1486 ut
1098 1426 1198 1509 copias
1214 1445 1283 1488 suas

162 1561 283 1637 cogeret
306 1543 344 1630 (c.
360 1547 411 1624 IV,
428 1542 477 1630 fil:
508 1561 538 1611 et
560 1569 651 1634 quum
679 1551 730 1624 iis,
762 1552 814 1635 qui
841 1548 879 1612 ad
900 1548 1034 1613 Jehovae
1056 1548 1198 1612 auxilium
1222 1571 1283 1613 non

161 1676 327 1750 venissent,
353 1671 432 1737 diras
456 1675 643 1759 imprecatur,
668 1671 766 1736 verbis
789 1676 885 1737 utitur
906 1674 994 1761 legati
1008 1673 1140 1738 lehovae
1160 1668 1201 1749 (v.
1216 1669 1281 1755 23),

162 1791 249 1903 nisi}
277 1772 403 1904 qim,
433 1800 452 1860 i.
476 1819 500 1860 e.
528 1801 623 1885 ipsIus
646 1797 792 1873 Jehovae,
825 1800 875 1883 qui
904 1801 1024 1862 nonnisi
1051 1819 1105 1884 per
1127 1776 1281 1903 DIJNND

163 1945 231 1988 oum
247 1921 418 1987 hominibus
434 1922 550 2010 agebat.
587 1922 688 1986 Talem
705 1922 857 1998 seminam,
881 1925 928 1985 cui
944 1935 1003 1986 tarn
1018 1943 1157 2009 praesens
1173 1944 1283 1986 numen

163 2045 296 2124 favebat,
330 2046 473 2111 robustos
503 2047 784 2133 septentrionalium
820 2050 933 2110 animos
963 2050 1091 2111 excitare
1121 2068 1153 2110 ac
1182 2069 1282 2134 regere

162 2175 313 2260 potuisse,
344 2172 389 2236 vel
417 2194 471 2257 per
500 2193 531 2234 se
561 2175 632 2234 satis
661 2183 751 2258 patet.
799 2171 901 2258 Neque
927 2171 984 2235 alia
1006 2171 1140 2258 exempla
1164 2172 1281 2238 desunt.

162 2295 270 2362 Nonne
293 2301 369 2360 enirn
386 2295 420 2360 G.
439 2295 596 2360 Cornelius
613 2295 735 2359 Tacitus
759 2299 915 2359 memoriae
931 2295 1064 2382 prodidit
1079 2309 1192 2360 veteres
1210 2296 1283 2362 Ger-

163 2444 266 2486 manos
290 2434 394 2507 putare
418 2420 522 2484 solitos
548 2442 611 2484 esse
633 2423 728 2484 inesse
752 2419 865 2483 feminis
889 2432 1023 2484 sanctum
1039 2419 1151 2504 aliquid
1166 2434 1195 2484 et
1210 2444 1282 2507 pro·

163 2546 280 2622 vidum,
304 2567 357 2611 neo
380 2559 432 2610 aut
455 2545 576 2610 conellia
600 2566 700 2608 earum
723 2547 873 2630 aspernari
888 2556 941 2607 aut
955 2565 1098 2630 responsa
1114 2543 1282 2632 negligere?

163 2671 357 2748 »Vidium«,
387 2673 485 2757 inquit
508 2666 618 2751 (Germ.
635 2667 722 2752 Vin),
754 2668 830 2733 »sub
854 2666 923 2732 divo
940 2668 1124 2756 Vespasiano
1141 2667 1282 2734 Veledam

163 2797 215 2860 diu
242 2795 323 2882 apud
351 2795 508 2882 plerosque
531 2797 660 2858 numinis
683 2794 749 2858 loco
774 2793 914 2858 habitam.
962 2791 1023 2860 Sed
1045 2806 1074 2858 et
1097 2793 1166 2858 olim
1188 2792 1282 2860 Alau-

161 2923 267 2986 riniam
301 2933 331 2984 et
363 2920 528 3006 complures
564 2920 634 2983 alias
664 2923 795 2985 venerati
824 2933 908 2997 sunt,
943 2941 1005 2983 non
1033 2918 1201 2985 adulatione
1230 2931 1283 2986 aut

161 3059 303 3134 tanquam
326 3044 455 3110 lacerent
477 3045 575 3110 doaso

250 3170 297 3234 III.
333 3168 459 3235 Carmen
485 3169 544 3233 hoc
570 3173 816 3247 vetustissimum,
848 3192 909 3258 qno
932 3169 1068 3234 Deborae
1096 3193 1129 3234 ao
1151 3170 1282 3258 Baraqui

161 3296 333 3384 triumphus
363 3295 502 3360 laudibus
532 3295 664 3371 effertur,
700 3295 786 3382 plane
817 3294 948 3379 ejusdem
976 3297 1091 3380 generis
1119 3308 1164 3360 est
1193 3309 1281 3382 atque

161 3421 293 3507 hymnus
321 3420 384 3496 ille,
422 3441 508 3507 quem
534 3420 636 3484 Moses
668 3432 698 3482 et
724 3419 885 3494 Israelitae,
921 3420 1077 3482 comitante
1108 3416 1282 3484 seminarum

162 3546 271 3622 choro,
299 3545 442 3610 canebant
462 3558 625 3632 postquam
646 3543 788 3630 Aegyptii
812 3541 902 3606 Sinus
925 3539 1045 3606 AraIIci
1068 3540 1157 3606 nndIs
1181 3541 1282 3606 obruti

161 3673 319 3758 periissent
342 3664 452 3751 (Exod.
468 3664 551 3750 XV).
596 3669 663 3734 Hoc
687 3689 756 3732 vero
785 3668 903 3758 longius
927 3679 986 3742 est,
1016 3664 1139 3730 artificio
1163 3668 1279 3752 poetico

67 3780 70 3786 ¹
163 3782 324 3871 excultius,
361 3795 487 3881 eleganti
513 3796 702 3881 repetitione,
738 3793 897 3858 dramatico
924 3794 970 3867 vi,
1001 3794 1090 3857 variis
1121 3793 1281 3876 imaginum

163 3919 329 3996 coloribus,
360 3931 390 3984 et
414 3918 514 3984 vivida
536 3918 664 4006 quadam
685 3920 908 4006 prosopopoeia
930 3921 1024 4005 magIs
1047 3914 1217 3991 abundans3
1246 3927 1283 3980 ut
1357 3963 1359 3967 -

162 4043 245 4110 lacile
273 4043 314 4108 ibi
343 4065 487 4131 agnoscas
515 4047 657 4130 principis
686 4057 792 4130 poetae
814 4043 861 4108 vel
889 4045 1020 4128 poetriae
1044 4063 1172 4106 manum.
1221 4038 1283 4104 Sed

162 4182 260 4234 nmen
283 4171 314 4234 in
336 4190 441 4256 genere
464 4168 541 4234 idem
557 4181 602 4234 est
617 4181 776 4256 utrumque
793 4189 917 4232 carmen.
953 4164 1065 4253 Nempe
1082 4166 1142 4232 duo
1160 4167 1280 4232 omnino

163 4315 270 4382 genera
293 4306 376 4360 erant
398 4294 560 4381 lyricorum
583 4297 659 4360 inter
673 4292 824 4361 Hebraeos
846 4305 1024 4378 poematum.
1060 4289 1173 4366 Unum,
1199 4288 1282 4376 quod

162 4418 297 4488 Psalmos
314 4432 343 4486 et
355 4421 578 4488 vaticinationes
589 4418 804 4507 prophetarum
815 4420 954 4495 continet,
971 4415 1137 4504 relligIosos
1150 4417 1282 4482 omnium
