3164 5176
813 273 890 350 268

290 487 444 551 bominum
467 505 572 549 sensus
586 487 628 548 ita
644 487 799 572 exprimit,
812 495 858 548 ·ut
872 483 947 548 nihil
962 483 1063 549 divino
1080 484 1172 550 cultui
1189 485 1413 552 accomodatius

291 611 337 675 vel
359 614 512 674 inventum
535 613 575 674 sit
595 609 643 680 rel
664 612 763 697 possit
783 611 919 674 inveniri.
957 609 1094 676 Alterum
1115 612 1276 697 praecipua
1297 611 1415 676 Israeli·

290 749 388 801 tarum
411 733 542 799 facinora
565 747 789 810 commemorat,
814 746 902 821 atque
925 756 989 798 eam
1004 733 1043 799 ob
1060 756 1121 800 rem
1136 734 1293 800 historiam
1308 738 1413 822 potius

291 883 380 950 quam
407 881 454 925 res
484 858 598 924 divinas
627 864 715 946 sapit.
760 859 873 924 Verum
901 861 978 924 enim
1007 881 1094 937 vero,
1127 881 1162 924 ea
1189 873 1253 924 erat
1278 871 1415 926 veterum

290 985 494 1052 Hebraeorum
516 985 640 1072 relligio,
665 998 700 1050 ut
721 980 793 1072 post
815 984 948 1050 devictos
971 984 1089 1061 hostes,
1117 998 1188 1070 post
1209 997 1415 1072 recuperatam

290 1111 468 1186 libertatem,
500 1109 574 1173 nihil
602 1111 752 1196 antiquius
783 1107 942 1186 haberent,
974 1131 1063 1196 quam
1093 1121 1128 1173 ut
1148 1108 1280 1174 deborae
1308 1108 1413 1174 laudes

291 1235 487 1302 decantarent.
525 1232 604 1316 Quid
627 1233 766 1321 quaeris?
788 1236 866 1296 veris
881 1234 1020 1298 Israelitis
1036 1205 1117 1298 Deus
1141 1245 1204 1298 erat
1224 1236 1256 1298 in
1273 1233 1412 1300 omnibus

291 1374 321 1425 et
343 1373 409 1424 ante
432 1361 544 1424 omnia:
575 1371 604 1423 et
626 1358 789 1422 humillima
818 1357 910 1422 divini
932 1356 1068 1422 Nominis
1092 1356 1227 1423 adoratio
1251 1359 1299 1422 vel
1317 1360 1413 1445 jacta·

290 1484 407 1551 bundas
431 1488 583 1550 ovantium
607 1484 827 1548 acclamationes
846 1481 1042 1570 temperabat:
1067 1482 1150 1570 quod
1165 1486 1196 1548 in
1210 1483 1270 1548 boc
1287 1481 1411 1550 Cantico

290 1614 447 1700 praecipue
475 1609 743 1674 animadvertimus.
789 1607 865 1672 Nam
893 1612 1009 1672 tametsi
1037 1607 1151 1672 nullum
1181 1621 1226 1672 est
1252 1611 1412 1695 epinicium

292 1759 351 1825 qno
375 1739 524 1800 victorum
547 1735 691 1799 exultatio
719 1733 840 1799 liberius
864 1736 1056 1820 exprimitur,
1086 1746 1184 1797 tamen
1206 1732 1410 1812 nihilominus,

291 1860 328 1925 ab
351 1863 436 1925 initio
459 1881 554 1947 usquc
577 1859 764 1935 aderitum,
794 1857 925 1922 Jehovae
949 1881 1057 1923 nomen
1079 1857 1275 1945 praedicatur,
1301 1862 1414 1946 utqui

290 1985 437 2074 populum
460 2006 547 2047 snum
570 1986 601 2046 in
623 1982 787 2047 libertatem
809 1982 1033 2060 vindicavisset,
1059 1995 1147 2070 atque
1170 1983 1202 2047 id
1225 1981 1314 2048 debili
1337 1982 1413 2048 dua-

290 2133 357 2176 rum
386 2109 542 2173 mulierum
569 2110 776 2172 instrumento.
824 2106 913 2189 Quod
939 2108 1046 2173 elarius
1069 2106 1225 2195 apparebit
1246 2110 1273 2172 si
1294 2129 1413 2175 carmen

291 2239 388 2324 ipsum
411 2237 443 2298 in
467 2233 598 2298 membra
626 2255 680 2296 sua
704 2232 906 2319 discerpimus.
951 2233 1068 2298 Etenim
1090 2231 1226 2299 Deborac
1248 2236 1307 2300 hoc
1331 2235 1411 2302 Can·

290 2363 381 2425 ticum
404 2363 435 2423 in
459 2359 557 2424 decem
580 2359 719 2445 strophas
744 2362 806 2421 sive
829 2359 1003 2443 partitiones
1023 2356 1150 2422 divisum
1166 2372 1220 2422 est.
1255 2361 1288 2426 ln
1302 2366 1409 2448 prima,

291 2507 337 2551 res
361 2489 426 2572 ipsa
449 2489 589 2574 aperitur,
615 2497 645 2548 et
666 2485 813 2571 peregrini
836 2505 920 2570 reges
944 2482 982 2546 ad
997 2481 1177 2548 audiendum
1192 2498 1345 2551 vocantur.
1377 2488 1412 2553 ln

291 2611 434 2690 secunda,
462 2623 595 2698 potestas
619 2610 766 2684 deborae,
790 2607 986 2672 Israelitarum
1009 2607 1079 2684 Dei,
1104 2607 1197 2673 nobili
1220 2608 1335 2676 fervore
1359 2613 1412 2678 de-

291 2737 439 2803 scribitur.
474 2735 575 2800 Tertia
597 2756 666 2821 pars
690 2733 787 2798 obiter
807 2735 954 2818 percurrit
976 2736 1111 2798 miseram
1133 2733 1316 2800 ludaeorum
1339 2760 1412 2802 con-

292 2862 433 2926 ditionem
456 2873 523 2925 ante
547 2872 642 2924 ortam
665 2858 823 2924 Deboram.
860 2857 974 2940 Quarta
997 2875 1097 2923 omnes
1121 2859 1160 2925 ad
1181 2861 1411 2948 gratulationem

291 3001 321 3052 et
343 2985 381 3050 ad
396 2987 451 3050 Dei
472 2984 573 3050 laudes
597 2998 722 3072 propter
743 2982 947 3049 liberationem
967 2985 1082 3049 invitat.
1117 2985 1150 3048 ln
1166 2988 1270 3072 quinta
1285 2989 1411 3076 stropha

290 3125 480 3178 recensentur
501 3110 623 3176 tribules
647 3114 699 3198 qui
723 3131 843 3197 operam
858 3112 999 3173 victoriae
1014 3107 1177 3188 navabant;
1201 3113 1232 3174 in
1248 3125 1333 3177 sexta
1348 3114 1411 3178 onl-

290 3250 400 3326 pantur
429 3239 450 3300 ii
473 3240 524 3324 qui
553 3259 659 3322 parum
680 3238 812 3323 prompti
835 3235 873 3299 ad
894 3234 1040 3323 proelium
1063 3234 1229 3301 veniebant.
1276 3237 1410 3326 Septima

289 3385 359 3452 pars
389 3362 536 3449 proelium
563 3361 704 3449 depingit.
753 3358 865 3426 Octava
895 3373 1065 3426 exsecratur
1093 3383 1145 3425 eos
1173 3365 1408 3450 peregrinorum,

291 3491 342 3576 qui
364 3486 509 3576 fugientes
534 3489 666 3551 inimicos
687 3483 834 3551 trucidare
851 3488 1024 3564 omiserant3
1048 3486 1131 3573 quod
1146 3499 1258 3565 eontra,
1282 3491 1314 3552 in
1328 3511 1409 3554 nona

289 3612 428 3679 laudatur
452 3610 578 3678 Cheberi
600 3631 688 3687 uxor,
717 3631 793 3696 quae
816 3610 882 3675 utili
903 3613 997 3698 magis
1021 3631 1110 3697 quam
1132 3612 1259 3678 honesto
1284 3613 1408 3681 artificio

181 3733 188 3748 '
290 3737 393 3804 ducem
417 3736 645 3803 Canaanitarum
669 3748 865 3821 oppresserat.
911 3735 1061 3823 Denique,
1090 3735 1201 3802 decima
1223 3760 1293 3825 pars
1316 3761 1409 3804 ranas

290 3886 365 3952 quae
387 3863 523 3927 mulieres
546 3862 678 3926 hostium
700 3860 849 3926 lactabant
871 3883 948 3949 spes,
973 3871 1071 3926 amara
1093 3865 1230 3927 irrisione
1245 3865 1407 3930 cavillatur.

288 3989 350 4054 Has
374 3988 513 4075 stropbas
537 3988 614 4050 inter
635 3986 806 4074 Baraquum
829 4009 862 4050 ac
884 3985 1033 4052 Deboram
1055 3991 1097 4051 ita
1120 3986 1273 4066 distribui,
1303 4001 1339 4054 ut
1359 3989 1409 4054 ille

290 4114 409 4202 quidem
431 4111 580 4178 Deboram
603 4111 641 4177 ad
664 4112 842 4178 cantandum
865 4115 985 4192 excitet,
1011 4126 1041 4178 et
1062 4116 1194 4179 tristiore
1217 4113 1356 4203 culpandi
1379 4127 1410 4180 et

289 4238 461 4304 exsecrandi
485 4237 582 4304 officio
606 4242 638 4303 in
661 4239 793 4326 strophis
818 4235 838 4304 6
862 4249 892 4304 et
912 4237 934 4304 8
957 4237 1107 4328 fungatur,
1132 4253 1162 4304 et
1184 4239 1324 4305 adfinem
1340 4261 1410 4305 can·

288 4367 338 4429 tici
367 4365 494 4432 declaret
528 4365 680 4454 quomodo
708 4362 824 4434 debora
858 4363 985 4432 cultores
1014 4387 1087 4432 suos
1114 4378 1269 4456 protegat,
1305 4366 1409 4432 hostes
