<?xml version="1.0" encoding="UTF-8"?>
<!DOCTYPE html PUBLIC "-//W3C//DTD XHTML 1.0 Transitional//EN"
    "http://www.w3.org/TR/xhtml1/DTD/xhtml1-transitional.dtd">
<html xmlns="http://www.w3.org/1999/xhtml" xml:lang="en" lang="en">
 <head>
  <title>
</title>
<meta http-equiv="Content-Type" content="text/html;charset=utf-8" />
  <meta name='ocr-system' content='tesseract 3.04.00' />
  <meta name='ocr-capabilities' content='ocr_page ocr_carea ocr_par ocr_line ocrx_word'/>
</head>
<body>
  <div class='ocr_page' id='page_1' title='image "./jasharfragmenta00donagoog_0379.png"; bbox 0 0 3172 5186; ppageno 0'>
   <div class='ocr_carea' id='block_1_1' title="bbox 803 393 879 467">
    <p class='ocr_par' dir='ltr' id='par_1_1' title="bbox 803 393 879 467">
     <span class='ocr_line' id='line_1_1' title="bbox 803 393 879 467; baseline 0 -1"><span class='ocrx_word' id='word_1_1' title='bbox 803 393 879 467; x_wconf 79' lang='lat'><strong>342</strong></span> 
     </span>
    </p>
   </div>
   <div class='ocr_carea' id='block_1_2' title="bbox 280 605 1405 688">
    <p class='ocr_par' dir='ltr' id='par_1_2' title="bbox 280 605 1405 688">
     <span class='ocr_line' id='line_1_2' title="bbox 280 605 1405 688; baseline -0.013 -10"><span class='ocrx_word' id='word_1_2' title='bbox 280 619 311 678; x_wconf 92' lang='lat' dir='ltr'><strong>in</strong></span> <span class='ocrx_word' id='word_1_3' title='bbox 326 611 485 677; x_wconf 81' lang='lat' dir='ltr'><strong>Ecclesiam</strong></span> <span class='ocrx_word' id='word_1_4' title='bbox 501 607 659 685; x_wconf 88' lang='lat' dir='ltr'><strong>visibilem,</strong></span> <span class='ocrx_word' id='word_1_5' title='bbox 683 606 813 672; x_wconf 86' lang='lat' dir='ltr'><strong>fidelium</strong></span> <span class='ocrx_word' id='word_1_6' title='bbox 833 605 987 670; x_wconf 91' lang='lat' dir='ltr'><strong>hominum</strong></span> <span class='ocrx_word' id='word_1_7' title='bbox 1004 616 1136 680; x_wconf 88' lang='lat' dir='ltr'><strong>coetum,</strong></span> <span class='ocrx_word' id='word_1_8' title='bbox 1159 614 1302 688; x_wconf 79' lang='lat' dir='ltr'><strong>tanqtram</strong></span> <span class='ocrx_word' id='word_1_9' title='bbox 1316 613 1405 688; x_wconf 85' lang='lat' dir='ltr'><strong>post-</strong></span> 
     </span>
    </p>
   </div>
   <div class='ocr_carea' id='block_1_3' title="bbox 280 727 1408 4560">
    <p class='ocr_par' dir='ltr' id='par_1_3' title="bbox 280 727 1408 2684">
     <span class='ocr_line' id='line_1_3' title="bbox 280 727 1405 820; baseline -0.012 -18"><span class='ocrx_word' id='word_1_10' title='bbox 280 739 383 802; x_wconf 89' lang='lat' dir='ltr'><strong>liminii</strong></span> <span class='ocrx_word' id='word_1_11' title='bbox 402 736 470 820; x_wconf 88' lang='lat' dir='ltr'><strong>jure</strong></span> <span class='ocrx_word' id='word_1_12' title='bbox 492 737 660 808; x_wconf 84' lang='lat' dir='ltr'><strong>revertitur,</strong></span> <span class='ocrx_word' id='word_1_13' title='bbox 683 744 719 796; x_wconf 91' lang='lat' dir='ltr'><strong>ut</strong></span> <span class='ocrx_word' id='word_1_14' title='bbox 742 733 851 818; x_wconf 88' lang='lat' dir='ltr'><strong>optime</strong></span> <span class='ocrx_word' id='word_1_15' title='bbox 875 727 975 794; x_wconf 86' lang='lat' dir='ltr'><strong>lecerit</strong></span> <span class='ocrx_word' id='word_1_16' title='bbox 989 727 1134 803; x_wconf 77' lang='lat' dir='ltr'>Ecclesia,</span> <span class='ocrx_word' id='word_1_17' title='bbox 1160 748 1252 813; x_wconf 90' lang='lat' dir='ltr'><strong>quum</strong></span> <span class='ocrx_word' id='word_1_18' title='bbox 1268 738 1405 790; x_wconf 87' lang='lat' dir='ltr'><strong>nostram</strong></span> 
     </span>
     <span class='ocr_line' id='line_1_4' title="bbox 281 849 1406 932; baseline -0.01 -7"><span class='ocrx_word' id='word_1_19' title='bbox 281 865 358 926; x_wconf 90' lang='lat' dir='ltr'><strong>hanc</strong></span> <span class='ocrx_word' id='word_1_20' title='bbox 387 859 558 924; x_wconf 87' lang='lat' dir='ltr'><strong>cantilenam</strong></span> <span class='ocrx_word' id='word_1_21' title='bbox 588 857 634 920; x_wconf 94' lang='lat' dir='ltr'><strong>die</strong></span> <span class='ocrx_word' id='word_1_22' title='bbox 662 855 859 920; x_wconf 86' lang='lat' dir='ltr'><strong>Pentecostali</strong></span> <span class='ocrx_word' id='word_1_23' title='bbox 888 856 1039 917; x_wconf 77' lang='lat' dir='ltr'><strong>recitatam</strong></span> <span class='ocrx_word' id='word_1_24' title='bbox 1069 851 1165 916; x_wconf 89' lang='lat' dir='ltr'><strong>vellet.</strong></span> <span class='ocrx_word' id='word_1_25' title='bbox 1217 849 1297 932; x_wconf 84' lang='lat' dir='ltr'><strong>Quid</strong></span> <span class='ocrx_word' id='word_1_26' title='bbox 1326 850 1406 914; x_wconf 87' lang='lat' dir='ltr'><strong>enim</strong></span> 
     </span>
     <span class='ocr_line' id='line_1_5' title="bbox 281 975 1405 1074; baseline -0.009 -24"><span class='ocrx_word' id='word_1_27' title='bbox 281 985 488 1074; x_wconf 89' lang='lat' dir='ltr'><strong>pronuntiavit</strong></span> <span class='ocrx_word' id='word_1_28' title='bbox 509 981 723 1069; x_wconf 89' lang='lat' dir='ltr'><strong>prophetarum</strong></span> <span class='ocrx_word' id='word_1_29' title='bbox 745 981 793 1043; x_wconf 91' lang='lat' dir='ltr'><strong>ille</strong></span> <span class='ocrx_word' id='word_1_30' title='bbox 815 979 937 1042; x_wconf 89' lang='lat' dir='ltr'><strong>ultimus</strong></span> <span class='ocrx_word' id='word_1_31' title='bbox 961 981 1023 1040; x_wconf 91' lang='lat' dir='ltr'><strong>sive</strong></span> <span class='ocrx_word' id='word_1_32' title='bbox 1046 979 1071 1040; x_wconf 92' lang='lat' dir='ltr'><strong>is</strong></span> <span class='ocrx_word' id='word_1_33' title='bbox 1094 997 1166 1040; x_wconf 85' lang='lat' dir='ltr'><strong>vcro</strong></span> <span class='ocrx_word' id='word_1_34' title='bbox 1190 977 1308 1039; x_wconf 88' lang='lat' dir='ltr'><strong>nomine</strong></span> <span class='ocrx_word' id='word_1_35' title='bbox 1329 975 1405 1040; x_wconf 85' lang='lat' dir='ltr'><strong>Ma-</strong></span> 
     </span>
     <span class='ocr_line' id='line_1_6' title="bbox 283 1097 1404 1190; baseline -0.012 -15"><span class='ocrx_word' id='word_1_36' title='bbox 283 1109 409 1190; x_wconf 83' lang='lat' dir='ltr'><strong>laebioe,</strong></span> <span class='ocrx_word' id='word_1_37' title='bbox 434 1111 510 1184; x_wconf 88' lang='lat' dir='ltr'><strong>sive,</strong></span> <span class='ocrx_word' id='word_1_38' title='bbox 535 1118 570 1170; x_wconf 89' lang='lat' dir='ltr'><strong>ut</strong></span> <span class='ocrx_word' id='word_1_39' title='bbox 586 1104 789 1169; x_wconf 86' lang='lat' dir='ltr'><strong>Talmudistae</strong></span> <span class='ocrx_word' id='word_1_40' title='bbox 811 1102 949 1179; x_wconf 87' lang='lat' dir='ltr'><strong>tradunt,</strong></span> <span class='ocrx_word' id='word_1_41' title='bbox 973 1105 998 1165; x_wconf 89' lang='lat' dir='ltr'><strong>is</strong></span> <span class='ocrx_word' id='word_1_42' title='bbox 1014 1098 1105 1167; x_wconf 71' lang='lat' dir='ltr'><strong>Erro</strong></span> <span class='ocrx_word' id='word_1_43' title='bbox 1127 1099 1218 1165; x_wconf 85' lang='lat' dir='ltr'><strong>suerit</strong></span> <span class='ocrx_word' id='word_1_44' title='bbox 1239 1097 1296 1164; x_wconf 88' lang='lat' dir='ltr'><strong>sub</strong></span> <span class='ocrx_word' id='word_1_45' title='bbox 1314 1099 1404 1163; x_wconf 86' lang='lat' dir='ltr'><strong>titulo</strong></span> 
     </span>
     <span class='ocr_line' id='line_1_7' title="bbox 283 1209 1404 1328; baseline -0.008 -31"><span class='ocrx_word' id='word_1_46' title='bbox 283 1209 409 1328; x_wconf 55' lang='lat' dir='ltr'><strong>³2&amp;th</strong></span> <span class='ocrx_word' id='word_1_47' title='bbox 432 1236 452 1296; x_wconf 93' lang='lat' dir='ltr'><strong>i.</strong></span> <span class='ocrx_word' id='word_1_48' title='bbox 470 1253 494 1295; x_wconf 88' lang='lat' dir='ltr'><strong>e.</strong></span> <span class='ocrx_word' id='word_1_49' title='bbox 519 1230 623 1316; x_wconf 67' lang='lat' dir='ltr'><strong>angeli</strong></span> <span class='ocrx_word' id='word_1_50' title='bbox 643 1227 725 1292; x_wconf 76' lang='lat' dir='ltr'><strong>mei?</strong></span> <span class='ocrx_word' id='word_1_51' title='bbox 747 1228 796 1292; x_wconf 90' lang='lat' dir='ltr'><strong>llle</strong></span> <span class='ocrx_word' id='word_1_52' title='bbox 820 1229 897 1292; x_wconf 89' lang='lat' dir='ltr'><strong>enim</strong></span> <span class='ocrx_word' id='word_1_53' title='bbox 920 1226 1049 1290; x_wconf 64' lang='lat' dir='ltr'><strong>»llcceb</strong></span> <span class='ocrx_word' id='word_1_54' title='bbox 1073 1227 1170 1312; x_wconf 86' lang='lat' dir='ltr'><strong>inquit</strong></span> <span class='ocrx_word' id='word_1_55' title='bbox 1192 1221 1254 1306; x_wconf 90' lang='lat' dir='ltr'><strong>(Ill,</strong></span> <span class='ocrx_word' id='word_1_56' title='bbox 1271 1219 1302 1305; x_wconf 83' lang='lat' dir='ltr'><strong>l)</strong></span> <span class='ocrx_word' id='word_1_57' title='bbox 1327 1245 1404 1313; x_wconf 80' lang='lat' dir='ltr'><strong>»ogo</strong></span> 
     </span>
     <span class='ocr_line' id='line_1_8' title="bbox 283 1316 1404 1444; baseline -0.011 -21"><span class='ocrx_word' id='word_1_58' title='bbox 283 1316 374 1424; x_wconf 77' lang='lat' dir='ltr'><strong>mitlo¹</strong></span> <span class='ocrx_word' id='word_1_59' title='bbox 393 1356 528 1444; x_wconf 84' lang='lat' dir='ltr'><strong>angelum</strong></span> <span class='ocrx_word' id='word_1_60' title='bbox 550 1376 647 1418; x_wconf 87' lang='lat' dir='ltr'><strong>meum</strong></span> <span class='ocrx_word' id='word_1_61' title='bbox 672 1356 723 1440; x_wconf 92' lang='lat' dir='ltr'><strong>qui</strong></span> <span class='ocrx_word' id='word_1_62' title='bbox 745 1353 818 1416; x_wconf 88' lang='lat' dir='ltr'><strong>mihi</strong></span> <span class='ocrx_word' id='word_1_63' title='bbox 833 1355 911 1416; x_wconf 90' lang='lat' dir='ltr'><strong>viam</strong></span> <span class='ocrx_word' id='word_1_64' title='bbox 933 1363 1099 1438; x_wconf 89' lang='lat' dir='ltr'><strong>praeparet.</strong></span> <span class='ocrx_word' id='word_1_65' title='bbox 1131 1349 1171 1414; x_wconf 86' lang='lat' dir='ltr'><strong>Et</strong></span> <span class='ocrx_word' id='word_1_66' title='bbox 1190 1351 1290 1413; x_wconf 91' lang='lat' dir='ltr'><strong>statim</strong></span> <span class='ocrx_word' id='word_1_67' title='bbox 1305 1351 1404 1412; x_wconf 84' lang='lat' dir='ltr'><strong>veniet</strong></span> 
     </span>
     <span class='ocr_line' id='line_1_9' title="bbox 285 1473 1406 1568; baseline -0.009 -20"><span class='ocrx_word' id='word_1_68' title='bbox 285 1484 329 1549; x_wconf 87' lang='lat' dir='ltr'><strong>ad</strong></span> <span class='ocrx_word' id='word_1_69' title='bbox 349 1481 495 1568; x_wconf 74' lang='lat' dir='ltr'><strong>tenqumn</strong></span> <span class='ocrx_word' id='word_1_70' title='bbox 516 1502 606 1543; x_wconf 80' lang='lat' dir='ltr'><strong>samem</strong></span> <span class='ocrx_word' id='word_1_71' title='bbox 627 1478 806 1542; x_wconf 90' lang='lat' dir='ltr'><strong>Dominator</strong></span> <span class='ocrx_word' id='word_1_72' title='bbox 829 1498 916 1563; x_wconf 88' lang='lat' dir='ltr'><strong>quem</strong></span> <span class='ocrx_word' id='word_1_73' title='bbox 940 1477 1095 1563; x_wconf 81' lang='lat' dir='ltr'><strong>quaeritis,</strong></span> <span class='ocrx_word' id='word_1_74' title='bbox 1121 1487 1150 1537; x_wconf 89' lang='lat' dir='ltr'><strong>et</strong></span> <span class='ocrx_word' id='word_1_75' title='bbox 1170 1473 1292 1561; x_wconf 82' lang='lat' dir='ltr'><strong>angelus</strong></span> <span class='ocrx_word' id='word_1_76' title='bbox 1314 1484 1406 1538; x_wconf 86' lang='lat' dir='ltr'><strong>testa·</strong></span> 
     </span>
     <span class='ocr_line' id='line_1_10' title="bbox 283 1597 1407 1692; baseline -0.008 -20"><span class='ocrx_word' id='word_1_77' title='bbox 283 1611 389 1683; x_wconf 90' lang='lat' dir='ltr'><strong>menti,</strong></span> <span class='ocrx_word' id='word_1_78' title='bbox 415 1627 501 1692; x_wconf 88' lang='lat' dir='ltr'><strong>quem</strong></span> <span class='ocrx_word' id='word_1_79' title='bbox 526 1604 631 1691; x_wconf 91' lang='lat' dir='ltr'><strong>cupide</strong></span> <span class='ocrx_word' id='word_1_80' title='bbox 655 1602 837 1667; x_wconf 88' lang='lat' dir='ltr'><strong>desideratis.</strong></span> <span class='ocrx_word' id='word_1_81' title='bbox 872 1600 946 1664; x_wconf 84' lang='lat' dir='ltr'><strong>Ecce</strong></span> <span class='ocrx_word' id='word_1_82' title='bbox 969 1603 1080 1676; x_wconf 90' lang='lat' dir='ltr'><strong>veniet,</strong></span> <span class='ocrx_word' id='word_1_83' title='bbox 1106 1598 1176 1662; x_wconf 88' lang='lat' dir='ltr'><strong>dicit</strong></span> <span class='ocrx_word' id='word_1_84' title='bbox 1198 1598 1314 1662; x_wconf 87' lang='lat' dir='ltr'><strong>Jehova</strong></span> <span class='ocrx_word' id='word_1_85' title='bbox 1330 1597 1407 1663; x_wconf 83' lang='lat' dir='ltr'><strong>Tse·</strong></span> 
     </span>
     <span class='ocr_line' id='line_1_11' title="bbox 283 1724 1405 1816; baseline -0.011 -19"><span class='ocrx_word' id='word_1_86' title='bbox 283 1731 392 1798; x_wconf 85' lang='lat' dir='ltr'><strong>baoth!</strong></span> <span class='ocrx_word' id='word_1_87' title='bbox 428 1728 488 1794; x_wconf 86' lang='lat' dir='ltr'><strong>Sed</strong></span> <span class='ocrx_word' id='word_1_88' title='bbox 511 1732 578 1816; x_wconf 92' lang='lat' dir='ltr'><strong>quis</strong></span> <span class='ocrx_word' id='word_1_89' title='bbox 606 1731 718 1814; x_wconf 91' lang='lat' dir='ltr'><strong>poterit</strong></span> <span class='ocrx_word' id='word_1_90' title='bbox 740 1725 899 1790; x_wconf 88' lang='lat' dir='ltr'><strong>adventum</strong></span> <span class='ocrx_word' id='word_1_91' title='bbox 923 1727 987 1810; x_wconf 85' lang='lat' dir='ltr'><strong>ejus</strong></span> <span class='ocrx_word' id='word_1_92' title='bbox 1011 1727 1172 1800; x_wconf 89' lang='lat' dir='ltr'><strong>sustinere,</strong></span> <span class='ocrx_word' id='word_1_93' title='bbox 1201 1735 1254 1787; x_wconf 87' lang='lat' dir='ltr'><strong>aut</strong></span> <span class='ocrx_word' id='word_1_94' title='bbox 1277 1724 1344 1809; x_wconf 92' lang='lat' dir='ltr'><strong>quis</strong></span> <span class='ocrx_word' id='word_1_95' title='bbox 1368 1743 1405 1786; x_wconf 92' lang='lat' dir='ltr'><strong>eo</strong></span> 
     </span>
     <span class='ocr_line' id='line_1_12' title="bbox 285 1846 1406 1944; baseline -0.006 -24"><span class='ocrx_word' id='word_1_96' title='bbox 285 1867 444 1944; x_wconf 82' lang='lat' dir='ltr'><strong>apparente</strong></span> <span class='ocrx_word' id='word_1_97' title='bbox 468 1852 631 1918; x_wconf 77' lang='lat' dir='ltr'><strong>consistet?</strong></span> <span class='ocrx_word' id='word_1_98' title='bbox 653 1853 769 1916; x_wconf 83' lang='lat' dir='ltr'><strong>Etenim</strong></span> <span class='ocrx_word' id='word_1_99' title='bbox 793 1850 896 1914; x_wconf 90' lang='lat' dir='ltr'><strong>similis</strong></span> <span class='ocrx_word' id='word_1_100' title='bbox 920 1853 975 1913; x_wconf 90' lang='lat' dir='ltr'><strong>erit</strong></span> <span class='ocrx_word' id='word_1_101' title='bbox 994 1853 1056 1938; x_wconf 88' lang='lat' dir='ltr'><strong>igni</strong></span> <span class='ocrx_word' id='word_1_102' title='bbox 1075 1846 1216 1912; x_wconf 84' lang='lat' dir='ltr'><strong>aurifabri</strong></span> <span class='ocrx_word' id='word_1_103' title='bbox 1232 1861 1284 1911; x_wconf 88' lang='lat' dir='ltr'><strong>aut</strong></span> <span class='ocrx_word' id='word_1_104' title='bbox 1299 1850 1406 1934; x_wconf 83' lang='lat' dir='ltr'><strong>sapori</strong></span> 
     </span>
     <span class='ocr_line' id='line_1_13' title="bbox 284 1974 1408 2061; baseline -0.007 -17"><span class='ocrx_word' id='word_1_105' title='bbox 284 1980 444 2044; x_wconf 85' lang='lat' dir='ltr'><strong>lullonum:</strong></span> <span class='ocrx_word' id='word_1_106' title='bbox 475 1990 505 2042; x_wconf 91' lang='lat' dir='ltr'><strong>et</strong></span> <span class='ocrx_word' id='word_1_107' title='bbox 532 1976 646 2041; x_wconf 86' lang='lat' dir='ltr'><strong>sedebit</strong></span> <span class='ocrx_word' id='word_1_108' title='bbox 674 1980 761 2042; x_wconf 91' lang='lat' dir='ltr'><strong>sicuti</strong></span> <span class='ocrx_word' id='word_1_109' title='bbox 784 1975 915 2040; x_wconf 91' lang='lat' dir='ltr'><strong>conflans</strong></span> <span class='ocrx_word' id='word_1_110' title='bbox 939 1987 968 2039; x_wconf 89' lang='lat' dir='ltr'><strong>ct</strong></span> <span class='ocrx_word' id='word_1_111' title='bbox 991 1974 1153 2038; x_wconf 89' lang='lat' dir='ltr'><strong>emundans</strong></span> <span class='ocrx_word' id='word_1_112' title='bbox 1175 1985 1347 2061; x_wconf 88' lang='lat' dir='ltr'><strong>argentum,</strong></span> <span class='ocrx_word' id='word_1_113' title='bbox 1376 1984 1408 2036; x_wconf 90' lang='lat' dir='ltr'><strong>et</strong></span> 
     </span>
     <span class='ocr_line' id='line_1_14' title="bbox 284 2099 1407 2192; baseline -0.008 -24"><span class='ocrx_word' id='word_1_114' title='bbox 284 2101 426 2191; x_wconf 81' lang='lat' dir='ltr'><strong>purgabit</strong></span> <span class='ocrx_word' id='word_1_115' title='bbox 447 2101 524 2165; x_wconf 91' lang='lat' dir='ltr'><strong>filios</strong></span> <span class='ocrx_word' id='word_1_116' title='bbox 539 2101 627 2192; x_wconf 89' lang='lat' dir='ltr'><strong>Levi,</strong></span> <span class='ocrx_word' id='word_1_117' title='bbox 653 2114 682 2164; x_wconf 93' lang='lat' dir='ltr'><strong>et</strong></span> <span class='ocrx_word' id='word_1_118' title='bbox 705 2099 847 2187; x_wconf 85' lang='lat' dir='ltr'><strong>eliquabit</strong></span> <span class='ocrx_word' id='word_1_119' title='bbox 868 2122 918 2164; x_wconf 91' lang='lat' dir='ltr'><strong>eos</strong></span> <span class='ocrx_word' id='word_1_120' title='bbox 935 2101 1020 2186; x_wconf 88' lang='lat' dir='ltr'><strong>quasi</strong></span> <span class='ocrx_word' id='word_1_121' title='bbox 1036 2119 1141 2163; x_wconf 89' lang='lat' dir='ltr'><strong>aurum</strong></span> <span class='ocrx_word' id='word_1_122' title='bbox 1157 2110 1186 2161; x_wconf 92' lang='lat' dir='ltr'><strong>et</strong></span> <span class='ocrx_word' id='word_1_123' title='bbox 1201 2100 1286 2184; x_wconf 87' lang='lat' dir='ltr'><strong>quasi</strong></span> <span class='ocrx_word' id='word_1_124' title='bbox 1302 2118 1407 2184; x_wconf 88' lang='lat' dir='ltr'><strong>argeu-</strong></span> 
     </span>
     <span class='ocr_line' id='line_1_15' title="bbox 285 2221 1407 2310; baseline -0.008 -17"><span class='ocrx_word' id='word_1_125' title='bbox 285 2242 364 2304; x_wconf 90' lang='lat' dir='ltr'><strong>tum,</strong></span> <span class='ocrx_word' id='word_1_126' title='bbox 388 2239 423 2291; x_wconf 89' lang='lat' dir='ltr'><strong>ut</strong></span> <span class='ocrx_word' id='word_1_127' title='bbox 438 2225 569 2290; x_wconf 88' lang='lat' dir='ltr'><strong>Jehovac</strong></span> <span class='ocrx_word' id='word_1_128' title='bbox 593 2226 734 2290; x_wconf 89' lang='lat' dir='ltr'><strong>sacrificia</strong></span> <span class='ocrx_word' id='word_1_129' title='bbox 757 2229 788 2288; x_wconf 89' lang='lat' dir='ltr'><strong>in</strong></span> <span class='ocrx_word' id='word_1_130' title='bbox 806 2226 925 2310; x_wconf 85' lang='lat' dir='ltr'><strong>justitia</strong></span> <span class='ocrx_word' id='word_1_131' title='bbox 944 2224 1099 2288; x_wconf 74' lang='lat' dir='ltr'><strong>offerant«</strong></span> <span class='ocrx_word' id='word_1_132' title='bbox 1130 2222 1231 2310; x_wconf 90' lang='lat' dir='ltr'><strong>Atque</strong></span> <span class='ocrx_word' id='word_1_133' title='bbox 1246 2224 1288 2286; x_wconf 91' lang='lat' dir='ltr'><strong>ita</strong></span> <span class='ocrx_word' id='word_1_134' title='bbox 1303 2221 1407 2286; x_wconf 80' lang='lat' dir='ltr'><strong>ultium</strong></span> 
     </span>
     <span class='ocr_line' id='line_1_16' title="bbox 285 2347 1407 2436; baseline -0.004 -21"><span class='ocrx_word' id='word_1_135' title='bbox 285 2350 353 2415; x_wconf 91' lang='lat' dir='ltr'><strong>libri</strong></span> <span class='ocrx_word' id='word_1_136' title='bbox 376 2351 531 2415; x_wconf 85' lang='lat' dir='ltr'><strong>lasharani</strong></span> <span class='ocrx_word' id='word_1_137' title='bbox 554 2352 713 2427; x_wconf 82' lang='lat' dir='ltr'><strong>cantilena,</strong></span> <span class='ocrx_word' id='word_1_138' title='bbox 744 2371 836 2436; x_wconf 92' lang='lat' dir='ltr'><strong>quum</strong></span> <span class='ocrx_word' id='word_1_139' title='bbox 865 2349 904 2413; x_wconf 89' lang='lat' dir='ltr'><strong>ad</strong></span> <span class='ocrx_word' id='word_1_140' title='bbox 927 2351 1027 2413; x_wconf 88' lang='lat' dir='ltr'><strong>amissi</strong></span> <span class='ocrx_word' id='word_1_141' title='bbox 1048 2348 1184 2412; x_wconf 91' lang='lat' dir='ltr'><strong>Paradisi</strong></span> <span class='ocrx_word' id='word_1_142' title='bbox 1206 2347 1407 2432; x_wconf 88' lang='lat' dir='ltr'><strong>recuperatio·</strong></span> 
     </span>
     <span class='ocr_line' id='line_1_17' title="bbox 285 2472 1406 2562; baseline -0.004 -22"><span class='ocrx_word' id='word_1_143' title='bbox 285 2497 352 2540; x_wconf 88' lang='lat' dir='ltr'><strong>nem</strong></span> <span class='ocrx_word' id='word_1_144' title='bbox 367 2489 425 2539; x_wconf 92' lang='lat' dir='ltr'><strong>tam</strong></span> <span class='ocrx_word' id='word_1_145' title='bbox 443 2488 541 2561; x_wconf 88' lang='lat' dir='ltr'><strong>aperte</strong></span> <span class='ocrx_word' id='word_1_146' title='bbox 559 2487 679 2562; x_wconf 90' lang='lat' dir='ltr'><strong>spectet,</strong></span> <span class='ocrx_word' id='word_1_147' title='bbox 698 2478 795 2560; x_wconf 91' lang='lat' dir='ltr'><strong>primo</strong></span> <span class='ocrx_word' id='word_1_148' title='bbox 810 2486 931 2537; x_wconf 89' lang='lat' dir='ltr'><strong>nostrae</strong></span> <span class='ocrx_word' id='word_1_149' title='bbox 945 2472 1148 2562; x_wconf 85' lang='lat' dir='ltr'><strong>Anthologiae</strong></span> <span class='ocrx_word' id='word_1_150' title='bbox 1163 2473 1284 2536; x_wconf 82' lang='lat' dir='ltr'><strong>carmini</strong></span> <span class='ocrx_word' id='word_1_151' title='bbox 1299 2474 1406 2536; x_wconf 91' lang='lat' dir='ltr'><strong>mirum</strong></span> 
     </span>
     <span class='ocr_line' id='line_1_18' title="bbox 286 2593 963 2684; baseline -0.007 -19"><span class='ocrx_word' id='word_1_152' title='bbox 286 2604 317 2665; x_wconf 90' lang='lat' dir='ltr'><strong>io</strong></span> <span class='ocrx_word' id='word_1_153' title='bbox 339 2601 460 2666; x_wconf 88' lang='lat' dir='ltr'><strong>modum</strong></span> <span class='ocrx_word' id='word_1_154' title='bbox 484 2603 609 2664; x_wconf 89' lang='lat' dir='ltr'><strong>succinit</strong></span> <span class='ocrx_word' id='word_1_155' title='bbox 632 2597 712 2681; x_wconf 86' lang='lat' dir='ltr'><strong>(vide</strong></span> <span class='ocrx_word' id='word_1_156' title='bbox 736 2619 827 2684; x_wconf 86' lang='lat' dir='ltr'><strong>supra</strong></span> <span class='ocrx_word' id='word_1_157' title='bbox 849 2620 880 2684; x_wconf 93' lang='lat' dir='ltr'><strong>p.</strong></span> <span class='ocrx_word' id='word_1_158' title='bbox 898 2593 963 2680; x_wconf 82' lang='lat'><strong>79).</strong></span> 
     </span>
    </p>

    <p class='ocr_par' dir='ltr' id='par_1_4' title="bbox 286 2709 1408 4560">
     <span class='ocr_line' id='line_1_19' title="bbox 375 2709 1408 2808; baseline -0.002 -20"><span class='ocrx_word' id='word_1_159' title='bbox 375 2749 403 2788; x_wconf 84' lang='lat' dir='ltr'><strong>v.</strong></span> <span class='ocrx_word' id='word_1_160' title='bbox 421 2723 473 2788; x_wconf 84' lang='lat'><strong>23.</strong></span> <span class='ocrx_word' id='word_1_161' title='bbox 512 2709 756 2788; x_wconf 86' lang='lat' dir='ltr'><strong>Rosenmiillerus</strong></span> <span class='ocrx_word' id='word_1_162' title='bbox 785 2737 813 2787; x_wconf 92' lang='lat' dir='ltr'><strong>et</strong></span> <span class='ocrx_word' id='word_1_163' title='bbox 834 2723 1001 2798; x_wconf 85' lang='lat' dir='ltr'><strong>Maurorus,</strong></span> <span class='ocrx_word' id='word_1_164' title='bbox 1032 2719 1168 2787; x_wconf 86' lang='lat' dir='ltr'><strong>Geierum</strong></span> <span class='ocrx_word' id='word_1_165' title='bbox 1198 2723 1307 2798; x_wconf 88' lang='lat' dir='ltr'><strong>secuti,</strong></span> <span class='ocrx_word' id='word_1_166' title='bbox 1336 2734 1408 2808; x_wconf 88' lang='lat' dir='ltr'><strong>post</strong></span> 
     </span>
     <span class='ocr_line' id='line_1_20' title="bbox 286 2841 1405 2953; baseline -0.004 -38"><span class='ocrx_word' id='word_1_167' title='bbox 286 2842 393 2953; x_wconf 49' lang='grc' dir='ltr'><strong>Ἦρξε</strong></span> <span class='ocrx_word' id='word_1_168' title='bbox 413 2848 650 2914; x_wconf 89' lang='lat' dir='ltr'><strong>subaudiendum</strong></span> <span class='ocrx_word' id='word_1_169' title='bbox 667 2859 775 2934; x_wconf 88' lang='lat' dir='ltr'><strong>putant</strong></span> <span class='ocrx_word' id='word_1_170' title='bbox 789 2841 918 2941; x_wconf 52' lang='grc' dir='ltr'><strong>Εᾯᾎὶὴς</strong></span> <span class='ocrx_word' id='word_1_171' title='bbox 942 2847 1065 2922; x_wconf 88' lang='lat' dir='ltr'><strong>scilicet,</strong></span> <span class='ocrx_word' id='word_1_172' title='bbox 1088 2845 1184 2910; x_wconf 90' lang='lat' dir='ltr'><strong>Deum</strong></span> <span class='ocrx_word' id='word_1_173' title='bbox 1200 2845 1405 2934; x_wconf 88' lang='lat' dir='ltr'><strong>undecunque,</strong></span> 
     </span>
     <span class='ocr_line' id='line_1_21' title="bbox 288 2942 1406 3060; baseline -0.002 -22"><span class='ocrx_word' id='word_1_174' title='bbox 288 2973 502 3050; x_wconf 87' lang='lat' dir='ltr'><strong>aBasanitide‚</strong></span> <span class='ocrx_word' id='word_1_175' title='bbox 528 2973 565 3035; x_wconf 91' lang='lat' dir='ltr'><strong>ad</strong></span> <span class='ocrx_word' id='word_1_176' title='bbox 589 2976 731 3037; x_wconf 86' lang='lat' dir='ltr'><strong>orientem</strong></span> <span class='ocrx_word' id='word_1_177' title='bbox 749 2975 819 3049; x_wconf 90' lang='lat' dir='ltr'><strong>sita,</strong></span> <span class='ocrx_word' id='word_1_178' title='bbox 844 2942 933 3060; x_wconf 81' lang='lat' dir='ltr'><strong>atque</strong></span> <span class='ocrx_word' id='word_1_179' title='bbox 949 2995 966 3035; x_wconf 90' lang='lat' dir='ltr'><strong>a</strong></span> <span class='ocrx_word' id='word_1_180' title='bbox 981 2973 1054 3035; x_wconf 89' lang='lat' dir='ltr'><strong>mari</strong></span> <span class='ocrx_word' id='word_1_181' title='bbox 1071 2970 1259 3047; x_wconf 89' lang='lat' dir='ltr'><strong>occidentali,</strong></span> <span class='ocrx_word' id='word_1_182' title='bbox 1287 2983 1406 3036; x_wconf 86' lang='lat' dir='ltr'><strong>coactu-</strong></span> 
     </span>
     <span class='ocr_line' id='line_1_22' title="bbox 286 3095 1405 3184; baseline -0.003 -21"><span class='ocrx_word' id='word_1_183' title='bbox 286 3119 353 3163; x_wconf 91' lang='lat' dir='ltr'><strong>rum</strong></span> <span class='ocrx_word' id='word_1_184' title='bbox 381 3099 482 3161; x_wconf 93' lang='lat' dir='ltr'><strong>hostes</strong></span> <span class='ocrx_word' id='word_1_185' title='bbox 505 3097 716 3174; x_wconf 90' lang='lat' dir='ltr'><strong>Israelitarum‚</strong></span> <span class='ocrx_word' id='word_1_186' title='bbox 746 3119 823 3184; x_wconf 89' lang='lat' dir='ltr'><strong>quos</strong></span> <span class='ocrx_word' id='word_1_187' title='bbox 851 3097 966 3184; x_wconf 92' lang='lat' dir='ltr'><strong>populo</strong></span> <span class='ocrx_word' id='word_1_188' title='bbox 995 3118 1050 3160; x_wconf 89' lang='lat' dir='ltr'><strong>suo</strong></span> <span class='ocrx_word' id='word_1_189' title='bbox 1073 3095 1244 3160; x_wconf 90' lang='lat' dir='ltr'><strong>mactandos</strong></span> <span class='ocrx_word' id='word_1_190' title='bbox 1266 3095 1405 3162; x_wconf 88' lang='lat' dir='ltr'><strong>traderet.</strong></span> 
     </span>
     <span class='ocr_line' id='line_1_23' title="bbox 288 3222 1406 3309; baseline -0.002 -21"><span class='ocrx_word' id='word_1_191' title='bbox 288 3222 349 3288; x_wconf 86' lang='lat' dir='ltr'><strong>Sed</strong></span> <span class='ocrx_word' id='word_1_192' title='bbox 371 3222 443 3285; x_wconf 91' lang='lat' dir='ltr'><strong>mihi</strong></span> <span class='ocrx_word' id='word_1_193' title='bbox 466 3223 660 3286; x_wconf 90' lang='lat' dir='ltr'><strong>certissimum</strong></span> <span class='ocrx_word' id='word_1_194' title='bbox 683 3235 728 3286; x_wconf 92' lang='lat' dir='ltr'><strong>est</strong></span> <span class='ocrx_word' id='word_1_195' title='bbox 743 3235 870 3286; x_wconf 89' lang='lat' dir='ltr'><strong>veterem</strong></span> <span class='ocrx_word' id='word_1_196' title='bbox 887 3225 1057 3309; x_wconf 87' lang='lat' dir='ltr'><strong>opinionem</strong></span> <span class='ocrx_word' id='word_1_197' title='bbox 1071 3225 1216 3286; x_wconf 86' lang='lat' dir='ltr'><strong>veriorem</strong></span> <span class='ocrx_word' id='word_1_198' title='bbox 1235 3243 1315 3300; x_wconf 86' lang='lat' dir='ltr'><strong>esse3</strong></span> <span class='ocrx_word' id='word_1_199' title='bbox 1339 3244 1406 3286; x_wconf 88' lang='lat' dir='ltr'><strong>nam</strong></span> 
     </span>
     <span class='ocr_line' id='line_1_24' title="bbox 287 3343 1408 3412; baseline -0.001 -1"><span class='ocrx_word' id='word_1_200' title='bbox 287 3371 316 3411; x_wconf 84' lang='lat' dir='ltr'><strong>v.</strong></span> <span class='ocrx_word' id='word_1_201' title='bbox 334 3343 376 3410; x_wconf 88' lang='lat'><strong>20</strong></span> <span class='ocrx_word' id='word_1_202' title='bbox 401 3345 487 3410; x_wconf 92' lang='lat' dir='ltr'><strong>docet</strong></span> <span class='ocrx_word' id='word_1_203' title='bbox 508 3369 672 3412; x_wconf 86' lang='lat' dir='ltr'><strong>sermonem</strong></span> <span class='ocrx_word' id='word_1_204' title='bbox 696 3370 758 3412; x_wconf 91' lang='lat' dir='ltr'><strong>esse</strong></span> <span class='ocrx_word' id='word_1_205' title='bbox 782 3348 818 3411; x_wconf 92' lang='lat' dir='ltr'><strong>de</strong></span> <span class='ocrx_word' id='word_1_206' title='bbox 840 3346 1013 3410; x_wconf 84' lang='lat' dir='ltr'><strong>liberatione</strong></span> <span class='ocrx_word' id='word_1_207' title='bbox 1033 3346 1230 3411; x_wconf 88' lang='lat' dir='ltr'><strong>lsraelitarum</strong></span> <span class='ocrx_word' id='word_1_208' title='bbox 1253 3369 1291 3410; x_wconf 84' lang='lat' dir='ltr'><strong>ex</strong></span> <span class='ocrx_word' id='word_1_209' title='bbox 1313 3351 1408 3412; x_wconf 84' lang='lat' dir='ltr'><strong>maxi-</strong></span> 
     </span>
     <span class='ocr_line' id='line_1_25' title="bbox 287 3469 1407 3560; baseline 0.001 -24"><span class='ocrx_word' id='word_1_210' title='bbox 287 3476 342 3536; x_wconf 87' lang='lat' dir='ltr'><strong>mis</strong></span> <span class='ocrx_word' id='word_1_211' title='bbox 365 3472 513 3559; x_wconf 88' lang='lat' dir='ltr'><strong>periculis,</strong></span> <span class='ocrx_word' id='word_1_212' title='bbox 534 3473 636 3560; x_wconf 86' lang='lat' dir='ltr'><strong>qualia</strong></span> <span class='ocrx_word' id='word_1_213' title='bbox 661 3473 729 3538; x_wconf 92' lang='lat' dir='ltr'><strong>olim</strong></span> <span class='ocrx_word' id='word_1_214' title='bbox 754 3483 837 3536; x_wconf 87' lang='lat' dir='ltr'><strong>erant</strong></span> <span class='ocrx_word' id='word_1_215' title='bbox 859 3475 889 3536; x_wconf 89' lang='lat' dir='ltr'><strong>in</strong></span> <span class='ocrx_word' id='word_1_216' title='bbox 905 3471 1076 3535; x_wconf 89' lang='lat' dir='ltr'><strong>Basanitide</strong></span> <span class='ocrx_word' id='word_1_217' title='bbox 1100 3485 1223 3559; x_wconf 86' lang='lat' dir='ltr'><strong>propter</strong></span> <span class='ocrx_word' id='word_1_218' title='bbox 1239 3469 1351 3559; x_wconf 87' lang='lat' dir='ltr'><strong>Ogum,</strong></span> <span class='ocrx_word' id='word_1_219' title='bbox 1374 3475 1407 3537; x_wconf 86' lang='lat' dir='ltr'><strong>io</strong></span> 
     </span>
     <span class='ocr_line' id='line_1_26' title="bbox 287 3595 1407 3685; baseline 0 -23"><span class='ocrx_word' id='word_1_220' title='bbox 287 3599 360 3662; x_wconf 87' lang='lat' dir='ltr'><strong>mari</strong></span> <span class='ocrx_word' id='word_1_221' title='bbox 382 3596 475 3661; x_wconf 89' lang='lat' dir='ltr'><strong>rubro</strong></span> <span class='ocrx_word' id='word_1_222' title='bbox 498 3610 622 3684; x_wconf 90' lang='lat' dir='ltr'><strong>propter</strong></span> <span class='ocrx_word' id='word_1_223' title='bbox 636 3598 831 3662; x_wconf 89' lang='lat' dir='ltr'><strong>Pharaonem.</strong></span> <span class='ocrx_word' id='word_1_224' title='bbox 869 3595 942 3678; x_wconf 80' lang='lat' dir='ltr'><strong>Quis</strong></span> <span class='ocrx_word' id='word_1_225' title='bbox 966 3600 1042 3661; x_wconf 90' lang='lat' dir='ltr'><strong>enim</strong></span> <span class='ocrx_word' id='word_1_226' title='bbox 1058 3595 1177 3685; x_wconf 86' lang='lat' dir='ltr'><strong>negabit</strong></span> <span class='ocrx_word' id='word_1_227' title='bbox 1191 3598 1272 3662; x_wconf 90' lang='lat' dir='ltr'><strong>illum</strong></span> <span class='ocrx_word' id='word_1_228' title='bbox 1287 3619 1407 3662; x_wconf 87' lang='lat' dir='ltr'><strong>versum</strong></span> 
     </span>
     <span class='ocr_line' id='line_1_27' title="bbox 287 3719 1407 3808; baseline 0.001 -23"><span class='ocrx_word' id='word_1_229' title='bbox 287 3725 431 3808; x_wconf 86' lang='lat' dir='ltr'><strong>respicere</strong></span> <span class='ocrx_word' id='word_1_230' title='bbox 461 3723 498 3785; x_wconf 91' lang='lat' dir='ltr'><strong>ad</strong></span> <span class='ocrx_word' id='word_1_231' title='bbox 520 3721 618 3786; x_wconf 81' lang='lat' dir='ltr'><strong>Exod.</strong></span> <span class='ocrx_word' id='word_1_232' title='bbox 635 3723 704 3800; x_wconf 88' lang='lat' dir='ltr'><strong>XV,</strong></span> <span class='ocrx_word' id='word_1_233' title='bbox 722 3721 765 3786; x_wconf 79' lang='lat'><strong>2?</strong></span> <span class='ocrx_word' id='word_1_234' title='bbox 801 3719 967 3804; x_wconf 81' lang='lat' dir='ltr'><strong>Quinetiam</strong></span> <span class='ocrx_word' id='word_1_235' title='bbox 997 3725 1027 3785; x_wconf 89' lang='lat' dir='ltr'><strong>in</strong></span> <span class='ocrx_word' id='word_1_236' title='bbox 1057 3722 1178 3787; x_wconf 90' lang='lat' dir='ltr'><strong>secundi</strong></span> <span class='ocrx_word' id='word_1_237' title='bbox 1200 3722 1302 3808; x_wconf 89' lang='lat' dir='ltr'><strong>templi</strong></span> <span class='ocrx_word' id='word_1_238' title='bbox 1324 3721 1407 3786; x_wconf 89' lang='lat' dir='ltr'><strong>dedi·</strong></span> 
     </span>
     <span class='ocr_line' id='line_1_28' title="bbox 288 3845 1408 3924; baseline 0.002 -14"><span class='ocrx_word' id='word_1_239' title='bbox 288 3850 418 3924; x_wconf 85' lang='lat' dir='ltr'><strong>catione,</strong></span> <span class='ocrx_word' id='word_1_240' title='bbox 460 3846 581 3911; x_wconf 86' lang='lat' dir='ltr'><strong>eandem</strong></span> <span class='ocrx_word' id='word_1_241' title='bbox 615 3846 757 3912; x_wconf 89' lang='lat' dir='ltr'><strong>habemus</strong></span> <span class='ocrx_word' id='word_1_242' title='bbox 796 3845 954 3911; x_wconf 87' lang='lat' dir='ltr'><strong>earundem</strong></span> <span class='ocrx_word' id='word_1_243' title='bbox 987 3846 1195 3912; x_wconf 88' lang='lat' dir='ltr'><strong>liberationum</strong></span> <span class='ocrx_word' id='word_1_244' title='bbox 1229 3850 1408 3912; x_wconf 89' lang='lat' dir='ltr'><strong>mentionem</strong></span> 
     </span>
     <span class='ocr_line' id='line_1_29' title="bbox 289 3968 1408 4059; baseline 0.001 -24"><span class='ocrx_word' id='word_1_245' title='bbox 289 3969 350 4054; x_wconf 91' lang='lat' dir='ltr'><strong>(Ps.</strong></span> <span class='ocrx_word' id='word_1_246' title='bbox 369 3971 542 4050; x_wconf 83' lang='lat' dir='ltr'><strong>CXXXVI,</strong></span> <span class='ocrx_word' id='word_1_247' title='bbox 563 3968 612 4048; x_wconf 82' lang='lat'><strong>15,</strong></span> <span class='ocrx_word' id='word_1_248' title='bbox 631 3969 697 4055; x_wconf 83' lang='lat'>20).</span> <span class='ocrx_word' id='word_1_249' title='bbox 733 3969 823 4054; x_wconf 76' lang='lat' dir='ltr'><strong>Quod</strong></span> <span class='ocrx_word' id='word_1_250' title='bbox 846 3985 943 4036; x_wconf 85' lang='lat' dir='ltr'><strong>autem</strong></span> <span class='ocrx_word' id='word_1_251' title='bbox 966 3970 1003 4035; x_wconf 90' lang='lat' dir='ltr'><strong>ad</strong></span> <span class='ocrx_word' id='word_1_252' title='bbox 1018 3971 1211 4036; x_wconf 86' lang='lat' dir='ltr'><strong>lasharanam</strong></span> <span class='ocrx_word' id='word_1_253' title='bbox 1234 3973 1325 4059; x_wconf 86' lang='lat' dir='ltr'><strong>hujus</strong></span> <span class='ocrx_word' id='word_1_254' title='bbox 1343 3994 1408 4036; x_wconf 87' lang='lat' dir='ltr'><strong>ear·</strong></span> 
     </span>
     <span class='ocr_line' id='line_1_30' title="bbox 287 4096 1407 4184; baseline 0.001 -23"><span class='ocrx_word' id='word_1_255' title='bbox 287 4099 374 4162; x_wconf 89' lang='lat' dir='ltr'><strong>minis</strong></span> <span class='ocrx_word' id='word_1_256' title='bbox 403 4096 532 4162; x_wconf 90' lang='lat' dir='ltr'><strong>indolem</strong></span> <span class='ocrx_word' id='word_1_257' title='bbox 561 4100 681 4162; x_wconf 85' lang='lat' dir='ltr'><strong>maximi</strong></span> <span class='ocrx_word' id='word_1_258' title='bbox 711 4110 756 4161; x_wconf 90' lang='lat' dir='ltr'><strong>est</strong></span> <span class='ocrx_word' id='word_1_259' title='bbox 777 4101 932 4174; x_wconf 91' lang='lat' dir='ltr'><strong>momenti,</strong></span> <span class='ocrx_word' id='word_1_260' title='bbox 964 4096 1106 4161; x_wconf 90' lang='lat' dir='ltr'><strong>habemus</strong></span> <span class='ocrx_word' id='word_1_261' title='bbox 1129 4097 1178 4160; x_wconf 92' lang='lat' dir='ltr'><strong>hic</strong></span> <span class='ocrx_word' id='word_1_262' title='bbox 1199 4097 1298 4162; x_wconf 88' lang='lat' dir='ltr'><strong>locum</strong></span> <span class='ocrx_word' id='word_1_263' title='bbox 1320 4097 1407 4184; x_wconf 86' lang='lat' dir='ltr'><strong>plane</strong></span> 
     </span>
     <span class='ocr_line' id='line_1_31' title="bbox 289 4222 1407 4309; baseline -0.001 -23"><span class='ocrx_word' id='word_1_264' title='bbox 289 4222 456 4300; x_wconf 85' lang='lat' dir='ltr'><strong>classicum,</strong></span> <span class='ocrx_word' id='word_1_265' title='bbox 481 4225 533 4309; x_wconf 93' lang='lat' dir='ltr'><strong>qui</strong></span> <span class='ocrx_word' id='word_1_266' title='bbox 556 4225 671 4288; x_wconf 88' lang='lat' dir='ltr'><strong>tertiam</strong></span> <span class='ocrx_word' id='word_1_267' title='bbox 694 4234 813 4288; x_wconf 90' lang='lat' dir='ltr'><strong>nostrae</strong></span> <span class='ocrx_word' id='word_1_268' title='bbox 836 4223 1016 4288; x_wconf 89' lang='lat' dir='ltr'><strong>collectionis</strong></span> <span class='ocrx_word' id='word_1_269' title='bbox 1039 4235 1152 4309; x_wconf 91' lang='lat' dir='ltr'><strong>partem</strong></span> <span class='ocrx_word' id='word_1_270' title='bbox 1170 4224 1277 4286; x_wconf 92' lang='lat' dir='ltr'><strong>mirum</strong></span> <span class='ocrx_word' id='word_1_271' title='bbox 1296 4224 1327 4286; x_wconf 87' lang='lat' dir='ltr'><strong>in</strong></span> <span class='ocrx_word' id='word_1_272' title='bbox 1342 4243 1407 4285; x_wconf 88' lang='lat' dir='ltr'><strong>mo-</strong></span> 
     </span>
     <span class='ocr_line' id='line_1_32' title="bbox 289 4345 1406 4436; baseline -0.002 -24"><span class='ocrx_word' id='word_1_273' title='bbox 289 4348 359 4412; x_wconf 89' lang='lat' dir='ltr'><strong>dum</strong></span> <span class='ocrx_word' id='word_1_274' title='bbox 382 4347 518 4413; x_wconf 87' lang='lat' dir='ltr'><strong>illustrat.</strong></span> <span class='ocrx_word' id='word_1_275' title='bbox 564 4348 620 4412; x_wconf 90' lang='lat' dir='ltr'><strong>Hic</strong></span> <span class='ocrx_word' id='word_1_276' title='bbox 643 4351 734 4424; x_wconf 88' lang='lat' dir='ltr'><strong>enim,</strong></span> <span class='ocrx_word' id='word_1_277' title='bbox 763 4352 830 4436; x_wconf 92' lang='lat' dir='ltr'><strong>ipso</strong></span> <span class='ocrx_word' id='word_1_278' title='bbox 855 4346 901 4412; x_wconf 89' lang='lat' dir='ltr'><strong>die</strong></span> <span class='ocrx_word' id='word_1_279' title='bbox 924 4369 986 4435; x_wconf 90' lang='lat' dir='ltr'><strong>quo</strong></span> <span class='ocrx_word' id='word_1_280' title='bbox 1010 4346 1190 4413; x_wconf 89' lang='lat' dir='ltr'><strong>Solomouea</strong></span> <span class='ocrx_word' id='word_1_281' title='bbox 1213 4346 1299 4412; x_wconf 84' lang='lat' dir='ltr'><strong>aedes</strong></span> <span class='ocrx_word' id='word_1_282' title='bbox 1322 4345 1406 4410; x_wconf 91' lang='lat' dir='ltr'><strong>dedi·</strong></span> 
     </span>
     <span class='ocr_line' id='line_1_33' title="bbox 289 4471 1404 4560; baseline -0.001 -23"><span class='ocrx_word' id='word_1_283' title='bbox 289 4485 354 4538; x_wconf 85' lang='lat' dir='ltr'><strong>cata</strong></span> <span class='ocrx_word' id='word_1_284' title='bbox 380 4485 440 4549; x_wconf 89' lang='lat' dir='ltr'><strong>est,</strong></span> <span class='ocrx_word' id='word_1_285' title='bbox 469 4495 529 4558; x_wconf 91' lang='lat' dir='ltr'><strong>quo</strong></span> <span class='ocrx_word' id='word_1_286' title='bbox 557 4487 628 4559; x_wconf 89' lang='lat' dir='ltr'><strong>post</strong></span> <span class='ocrx_word' id='word_1_287' title='bbox 649 4476 749 4537; x_wconf 85' lang='lat' dir='ltr'><strong>totio</strong></span> <span class='ocrx_word' id='word_1_288' title='bbox 772 4472 888 4539; x_wconf 85' lang='lat' dir='ltr'><strong>deserto</strong></span> <span class='ocrx_word' id='word_1_289' title='bbox 912 4484 942 4540; x_wconf 86' lang='lat' dir='ltr'><strong>et</strong></span> <span class='ocrx_word' id='word_1_290' title='bbox 963 4475 994 4537; x_wconf 93' lang='lat' dir='ltr'><strong>iu</strong></span> <span class='ocrx_word' id='word_1_291' title='bbox 1016 4476 1083 4560; x_wconf 89' lang='lat' dir='ltr'><strong>ipsa</strong></span> <span class='ocrx_word' id='word_1_292' title='bbox 1103 4472 1270 4538; x_wconf 84' lang='lat' dir='ltr'><strong>Palaestina</strong></span> <span class='ocrx_word' id='word_1_293' title='bbox 1291 4471 1404 4537; x_wconf 76' lang='lat' dir='ltr'><strong>mmul-</strong></span> 
     </span>
    </p>
   </div>
   <div class='ocr_carea' id='block_1_4' title="bbox 0 0 1599 5186">
    <p class='ocr_par' dir='ltr' id='par_1_5' title="bbox 0 0 1599 5186">
     <span class='ocr_line' id='line_1_34' title="bbox 0 0 1599 5186; baseline 0 0"><span class='ocrx_word' id='word_1_294' title='bbox 0 0 1599 5186; x_wconf 95' lang='lat' dir='ltr'><strong> </strong></span> 
     </span>
    </p>
   </div>
  </div>
 </body>
</html>
