3172 5186
837 339 912 414 act

318 550 403 616 lieres
428 550 645 614 incircumcisae
672 563 857 627 manserunt,
881 549 934 614 sed
956 549 1057 616 datum
1086 562 1131 616 cst
1157 549 1214 614 illis
1242 560 1434 636 praeceptum

318 674 530 764 purificationis
553 687 623 763 post
644 688 771 764 partum.
812 674 979 763 Antequam
1001 674 1258 742 circumcideretur
1278 673 1433 740 Abraham

317 804 420 889 genuit
447 801 593 867 ismaelem
623 823 661 866 ex
690 801 792 867 ancilla
820 801 982 867 secundum
1010 805 1105 868 carnis
1135 802 1334 889 voluptatem,
1363 811 1435 887 post

318 928 565 992 circumcisionem
588 949 657 992 vero
675 927 793 992 vetulus
816 949 849 992 ac
864 925 998 1016 frigidus,
1022 949 1115 1016 supra
1137 930 1232 994 carnis
1255 926 1376 992 allectus
1398 947 1433 992 ac

318 1065 439 1118 naturae
462 1055 549 1130 vires,
573 1075 611 1118 cx
626 1051 709 1130 Sara,
732 1053 824 1118 sterili
847 1075 881 1118 ac
901 1052 1047 1142 decrepita
1070 1053 1205 1130 foemina,
1224 1055 1328 1141 genuit
1341 1053 1430 1128 lsaac,

317 1177 410 1244 ilium
438 1181 658 1267 promissionis,
688 1181 818 1266 inquo,
843 1178 966 1266 jubente
990 1179 1128 1254 domino,
1152 1191 1290 1245 vocatum
1318 1190 1364 1244 cst
1389 1177 1432 1242 illi

319 1325 425 1382 semen,
450 1305 542 1392 ejecto
558 1305 619 1370 lilio
636 1305 763 1381 ancillae,
786 1305 847 1370 filio
864 1308 969 1371 carnis.
997 1306 1054 1371 lste
1072 1306 1151 1370 lsaa‘e
1172 1303 1289 1370 tandem
1313 1303 1351 1369 ex
1373 1316 1432 1369 ste·

318 1429 365 1495 rili
387 1451 482 1495 uxore
504 1433 607 1519 gennit
626 1429 735 1508 Jacob,
759 1451 797 1495 ex
820 1432 904 1520 cujus
927 1431 1057 1498 foemore
1080 1429 1235 1496 duodecim
1257 1428 1353 1495 tribus
1375 1449 1432 1517 po·

318 1556 381 1644 puli
402 1559 609 1645 promissionis
632 1555 816 1645 prodierunt.
846 1555 979 1626 Tandem
1001 1556 1112 1634 Jacob,
1137 1569 1295 1645 postquam
1317 1555 1433 1622 luctan-

318 1693 376 1748 tcm
400 1704 498 1748 secum
520 1682 671 1748 dominum
695 1684 812 1759 vicerat,
836 1681 951 1748 loemur
978 1683 1042 1770 ojus
1069 1685 1218 1759 emarcuit,
1242 1695 1271 1747 et
1293 1702 1432 1770 generare

320 1811 451 1883 cessavit,
477 1820 506 1874 ct
527 1820 597 1876 tunc
617 1819 740 1874 vocatos
764 1819 809 1872 est
822 1806 929 1890 Israel,
950 1808 1008 1872 lroc
1026 1820 1071 1872 est
1093 1807 1199 1873 cidens
1208 1807 1322 1890 Deum,
1342 1807 1432 1894 juxto

321 1931 442 1997 verbum
472 1934 535 2020 ejus
564 1933 699 2000 dicentis:
729 1933 801 1999 Vidi
821 1933 992 1999 Dominum
1013 1932 1102 2022 socie
1130 1934 1174 1998 ud
1193 1931 1331 2021 sociem5
1364 1953 1430 1997 nam

319 2078 372 2145 per
387 2060 495 2122 coitum
519 2061 692 2146 aperiuntur
708 2058 794 2134 oculi,
817 2071 852 2124 ut
873 2058 1024 2124 videamus
1046 2071 1180 2136 mortem,
1205 2080 1257 2146 per
1279 2059 1431 2122 continen-

318 2185 390 2248 tiam
412 2196 509 2248 antem
532 2205 676 2250 meremur
699 2183 797 2250 videre
819 2205 942 2272 reguum
964 2151 1030 2250 Dei:
1073 2184 1209 2274 Longum
1233 2195 1311 2249 esset
1333 2184 1431 2246 omnia

319 2329 477 2385 recensere,
501 2331 576 2397 quae
599 2310 733 2397 exemplo
757 2331 819 2374 esse
842 2322 974 2395 possent,
998 2323 1027 2374 ct
1050 2309 1201 2397 quomodo
1221 2309 1309 2385 lsaae,
1332 2293 1458 2385 lacobs

320 2431 477 2522 Sampson,
500 2434 629 2500 loannes
653 2434 795 2522 Baptista,
819 2435 914 2500 Maria
937 2447 1029 2501 mater
1051 2433 1171 2511 Christi,
1197 2446 1226 2498 et
1246 2434 1349 2521 plures
1371 2434 1430 2510 alii,

320 2581 471 2649 perquos
499 2559 585 2626 nobis
614 2561 717 2626 salotis
745 2563 868 2626 amissae
897 2563 1044 2627 restitutio
1071 2563 1215 2648 promissa
1245 2572 1303 2636 est,
1330 2579 1429 2624 omncs

320 2707 358 2752 cx
373 2686 493 2752 senibus
516 2699 546 2752 et
561 2685 708 2752 sterilibus
731 2685 903 2772 parentibus
927 2709 1016 2774 supra
1039 2698 1161 2752 naturae
1177 2688 1254 2750 vires
1277 2687 1431 2772 carnisque

320 2809 581 2898 concupiscentias
596 2815 686 2899 geniti
714 2825 798 2890 sunt,
827 2825 861 2879 ut
889 2812 1002 2900 liquido
1029 2824 1129 2899 pateat
1157 2813 1252 2876 carnis
1281 2809 1429 2874 libidinem

320 2936 390 3002 odio
420 2936 509 3002 luisse
533 2936 596 3002 Deo
624 2939 710 3002 etiam
740 2941 768 3002 in
797 2937 969 3004 uxoribus«
1007 2938 1186 3003 Declamatio
1210 2936 1361 3024 Agrippae
1388 2937 1431 2999 sic

321 3063 453 3149 explicite
483 3061 561 3128 ·sed
591 3066 662 3127 satis
691 3075 736 3128 est
763 3062 850 3128 nohis
879 3062 917 3128 ad
945 3085 1082 3152 praesens
1110 3064 1298 3150 propositum
1328 3061 1431 3126 aduro·

320 3189 428 3264 unisse,
446 3187 526 3274 quod
550 3191 578 3253 in
603 3187 720 3276 dialogo
736 3189 772 3252 de
794 3188 912 3254 homine
936 3191 1137 3277 exposuimus,
1161 3188 1220 3252 alio
1243 3189 1351 3252 semine
1374 3185 1431 3250 ho·

320 3316 412 3378 mines
440 3317 605 3379 nascituros
633 3312 723 3378 luisse
751 3317 782 3379 in
816 3327 895 3380 statu
924 3319 1121 3392 innocentiae,
1150 3335 1237 3402 quam
1266 3311 1350 3400 quod
1376 3333 1432 3398 per

321 3442 415 3506 carnis
438 3443 657 3526 corruptionem
676 3439 826 3518 deflueret,
844 3441 1004 3506 dummodo
1021 3441 1165 3528 praesenti
1188 3460 1331 3514 sermono,
1348 3435 1431 3526 quod

319 3564 416 3631 fuerat
444 3568 624 3654 quaesitum,
653 3578 802 3654 peccatum
831 3567 972 3655 originale
1001 3579 1077 3632 recte
1104 3567 1233 3630 invenire
1260 3566 1430 3650 potuimus3

321 3691 402 3780 quod
431 3694 456 3756 si
484 3693 580 3756 minus
604 3703 680 3756 recte
703 3705 853 3757 assecutus
877 3715 958 3768 sum,
983 3691 1078 3757 fatcor
1100 3713 1143 3756 me
1167 3692 1337 3777 opinionem
1360 3691 1432 3753 scri·

319 3820 430 3905 psisse,
455 3839 515 3882 non
538 3815 640 3894 fldem,
663 3841 723 3882 non
746 3820 910 3882 scientiam:
936 3819 1229 3906 opinionemaunm
1257 3814 1358 3892 talem,
1383 3815 1432 3878 oui

320 3963 374 4007 nee
396 3963 450 4031 ego
467 3942 550 4008 aliter
572 3946 725 4020 assentior,
749 3963 801 4008 nce
824 3943 907 4008 aliter
924 3963 1090 4030 quenquam
1114 3942 1248 4006 assentiri
1272 3919 1357 4019 volo,
1374 3942 1432 4004 nisi

321 4080 465 4156 quatenus
489 4091 506 4132 a
529 4067 637 4134 Sancta
659 4067 826 4134 Christiana
849 4067 976 4134 Ecclesia
999 4090 1060 4132 non
1082 4067 1171 4132 luerit
1193 4065 1374 4152 reprobatas

410 4191 538 4283 Accepto
554 4194 705 4284 Agrippae
719 4193 827 4272 libello,
846 4194 1050 4260 Theodoricus
1074 4193 1120 4258 ille
1137 4195 1293 4281 episcopus
1312 4192 1349 4256 ad
1365 4193 1432 4279 opi-

320 4321 437 4385 nionem
460 4323 543 4385 amici
566 4323 611 4384 sui
635 4323 676 4384 sic
699 4321 826 4386 breviter
846 4320 950 4385 alludit
965 4316 1139 4407 (Epistoloe
1154 4318 1283 4386 Henaici
1298 4317 1433 4386 Cornelii

320 4445 481 4532 Agrippae
496 4446 540 4512 od
552 4445 730 4534 familiares
746 4457 775 4512 et
793 4469 898 4512 eorum
922 4446 965 4512 cd
983 4446 1094 4532 ipsum,
1115 4445 1239 4521 Liberi,
1257 4445 1311 4533 Ep.
1323 4443 1430 4520 XVlll,
