<?xml version="1.0" encoding="UTF-8"?>
<!DOCTYPE html PUBLIC "-//W3C//DTD XHTML 1.0 Transitional//EN"
    "http://www.w3.org/TR/xhtml1/DTD/xhtml1-transitional.dtd">
<html xmlns="http://www.w3.org/1999/xhtml" xml:lang="en" lang="en">
 <head>
  <title>
</title>
<meta http-equiv="Content-Type" content="text/html;charset=utf-8" />
  <meta name='ocr-system' content='tesseract 3.04.00' />
  <meta name='ocr-capabilities' content='ocr_page ocr_carea ocr_par ocr_line ocrx_word'/>
</head>
<body>
  <div class='ocr_page' id='page_1' title='image "./jasharfragmenta00donagoog_0137.png"; bbox 0 0 3152 5160; ppageno 0'>
   <div class='ocr_carea' id='block_1_1' title="bbox 760 287 973 398">
    <p class='ocr_par' dir='ltr' id='par_1_1' title="bbox 760 287 973 398">
     <span class='ocr_line' id='line_1_1' title="bbox 760 287 973 398; baseline 0 -38"><span class='ocrx_word' id='word_1_1' title='bbox 760 287 973 398; x_wconf 49' lang='lat' dir='ltr'>Q</span> 
     </span>
    </p>
   </div>
   <div class='ocr_carea' id='block_1_2' title="bbox 224 493 1430 3957">
    <p class='ocr_par' dir='ltr' id='par_1_2' title="bbox 224 493 1430 3457">
     <span class='ocr_line' id='line_1_2' title="bbox 306 493 1428 587; baseline -0.007 -23"><span class='ocrx_word' id='word_1_2' title='bbox 306 497 420 564; x_wconf 90' lang='lat' dir='ltr'>Noachi</span> <span class='ocrx_word' id='word_1_3' title='bbox 449 499 637 587; x_wconf 80' lang='lat' dir='ltr'>genealogiae</span> <span class='ocrx_word' id='word_1_4' title='bbox 667 497 754 562; x_wconf 90' lang='lat' dir='ltr'>fidem</span> <span class='ocrx_word' id='word_1_5' title='bbox 778 497 897 575; x_wconf 88' lang='lat' dir='ltr'>habuit,</span> <span class='ocrx_word' id='word_1_6' title='bbox 928 511 958 561; x_wconf 90' lang='lat' dir='ltr'>et</span> <span class='ocrx_word' id='word_1_7' title='bbox 980 495 1057 560; x_wconf 92' lang='lat' dir='ltr'>duos</span> <span class='ocrx_word' id='word_1_8' title='bbox 1081 493 1172 558; x_wconf 85' lang='lat' dir='ltr'>fuisse</span> <span class='ocrx_word' id='word_1_9' title='bbox 1194 497 1309 582; x_wconf 56' lang='lat' dir='ltr'>genem</span> <span class='ocrx_word' id='word_1_10' title='bbox 1332 498 1428 557; x_wconf 79' lang='lat' dir='ltr'><strong>nostri</strong></span> 
     </span>
     <span class='ocr_line' id='line_1_3' title="bbox 307 619 1429 713; baseline -0.007 -24"><span class='ocrx_word' id='word_1_11' title='bbox 307 629 455 713; x_wconf 80' lang='lat' dir='ltr'>genitores</span> <span class='ocrx_word' id='word_1_12' title='bbox 483 626 613 711; x_wconf 89' lang='lat' dir='ltr'>putavit,</span> <span class='ocrx_word' id='word_1_13' title='bbox 648 644 775 710; x_wconf 90' lang='lat' dir='ltr'>quorum</span> <span class='ocrx_word' id='word_1_14' title='bbox 805 643 822 685; x_wconf 88' lang='lat' dir='ltr'>a</span> <span class='ocrx_word' id='word_1_15' title='bbox 851 620 981 686; x_wconf 88' lang='lat' dir='ltr'>secundo</span> <span class='ocrx_word' id='word_1_16' title='bbox 1011 634 1072 684; x_wconf 89' lang='lat' dir='ltr'>tres</span> <span class='ocrx_word' id='word_1_17' title='bbox 1100 620 1142 683; x_wconf 93' lang='lat' dir='ltr'>illi</span> <span class='ocrx_word' id='word_1_18' title='bbox 1163 619 1313 706; x_wconf 83' lang='lat' dir='ltr'>Eponymi</span> <span class='ocrx_word' id='word_1_19' title='bbox 1337 621 1429 706; x_wconf 90' lang='lat' dir='ltr'>origi·</span> 
     </span>
     <span class='ocr_line' id='line_1_4' title="bbox 306 742 1429 822; baseline -0.007 -8"><span class='ocrx_word' id='word_1_20' title='bbox 306 772 373 813; x_wconf 89' lang='lat' dir='ltr'>nem</span> <span class='ocrx_word' id='word_1_21' title='bbox 403 772 486 813; x_wconf 90' lang='lat' dir='ltr'>suam</span> <span class='ocrx_word' id='word_1_22' title='bbox 514 762 679 813; x_wconf 89' lang='lat' dir='ltr'>traxerunt.</span> <span class='ocrx_word' id='word_1_23' title='bbox 729 746 918 812; x_wconf 87' lang='lat' dir='ltr'>Sufficiamus</span> <span class='ocrx_word' id='word_1_24' title='bbox 947 759 1059 822; x_wconf 87' lang='lat' dir='ltr'>autem,</span> <span class='ocrx_word' id='word_1_25' title='bbox 1090 745 1137 808; x_wconf 84' lang='lat' dir='ltr'>vel</span> <span class='ocrx_word' id='word_1_26' title='bbox 1166 747 1191 808; x_wconf 89' lang='lat' dir='ltr'>si</span> <span class='ocrx_word' id='word_1_27' title='bbox 1217 747 1310 808; x_wconf 89' lang='lat' dir='ltr'>mavis</span> <span class='ocrx_word' id='word_1_28' title='bbox 1339 742 1429 807; x_wconf 90' lang='lat' dir='ltr'>redu-</span> 
     </span>
     <span class='ocr_line' id='line_1_5' title="bbox 224 868 1427 959; baseline -0.007 -20"><span class='ocrx_word' id='word_1_29' title='bbox 224 909 228 916; x_wconf 96' lang='lat'>·</span> <span class='ocrx_word' id='word_1_30' title='bbox 308 896 416 951; x_wconf 88' lang='lat' dir='ltr'>camus,</span> <span class='ocrx_word' id='word_1_31' title='bbox 441 897 548 938; x_wconf 91' lang='lat' dir='ltr'>nomen</span> <span class='ocrx_word' id='word_1_32' title='bbox 563 873 686 950; x_wconf 90' lang='lat' dir='ltr'>Adami,</span> <span class='ocrx_word' id='word_1_33' title='bbox 713 886 742 936; x_wconf 91' lang='lat' dir='ltr'>et</span> <span class='ocrx_word' id='word_1_34' title='bbox 763 893 910 959; x_wconf 91' lang='lat' dir='ltr'>ponamus</span> <span class='ocrx_word' id='word_1_35' title='bbox 934 871 992 934; x_wconf 92' lang='lat' dir='ltr'>hoc</span> <span class='ocrx_word' id='word_1_36' title='bbox 1015 870 1224 958; x_wconf 84' lang='lat' dir='ltr'>Fragmentum</span> <span class='ocrx_word' id='word_1_37' title='bbox 1247 891 1312 933; x_wconf 90' lang='lat' dir='ltr'>cum</span> <span class='ocrx_word' id='word_1_38' title='bbox 1336 868 1427 932; x_wconf 90' lang='lat' dir='ltr'>altero</span> 
     </span>
     <span class='ocr_line' id='line_1_6' title="bbox 306 993 1429 1086; baseline -0.006 -23"><span class='ocrx_word' id='word_1_39' title='bbox 306 999 403 1063; x_wconf 91' lang='lat' dir='ltr'>Partis</span> <span class='ocrx_word' id='word_1_40' title='bbox 427 1002 538 1086; x_wconf 79' lang='lat' dir='ltr'>primae</span> <span class='ocrx_word' id='word_1_41' title='bbox 563 1012 641 1063; x_wconf 89' lang='lat' dir='ltr'>arcte</span> <span class='ocrx_word' id='word_1_42' title='bbox 665 999 831 1062; x_wconf 87' lang='lat' dir='ltr'>cohaerere.</span> <span class='ocrx_word' id='word_1_43' title='bbox 870 997 949 1060; x_wconf 94' lang='lat' dir='ltr'>lllico</span> <span class='ocrx_word' id='word_1_44' title='bbox 974 998 1072 1058; x_wconf 91' lang='lat' dir='ltr'>omnia</span> <span class='ocrx_word' id='word_1_45' title='bbox 1096 998 1180 1081; x_wconf 88' lang='lat' dir='ltr'>quasi</span> <span class='ocrx_word' id='word_1_46' title='bbox 1203 997 1234 1058; x_wconf 94' lang='lat' dir='ltr'>in</span> <span class='ocrx_word' id='word_1_47' title='bbox 1257 993 1340 1059; x_wconf 90' lang='lat' dir='ltr'>sedes</span> <span class='ocrx_word' id='word_1_48' title='bbox 1359 1015 1429 1056; x_wconf 90' lang='lat' dir='ltr'>suas</span> 
     </span>
     <span class='ocr_line' id='line_1_7' title="bbox 306 1117 1427 1206; baseline -0.006 -18"><span class='ocrx_word' id='word_1_49' title='bbox 306 1121 462 1200; x_wconf 88' lang='lat' dir='ltr'>redibunt,</span> <span class='ocrx_word' id='word_1_50' title='bbox 488 1127 586 1206; x_wconf 84' lang='lat' dir='ltr'>ompia</span> <span class='ocrx_word' id='word_1_51' title='bbox 610 1117 779 1198; x_wconf 88' lang='lat' dir='ltr'>concinent,</span> <span class='ocrx_word' id='word_1_52' title='bbox 805 1136 835 1186; x_wconf 89' lang='lat' dir='ltr'>et</span> <span class='ocrx_word' id='word_1_53' title='bbox 854 1120 1004 1186; x_wconf 89' lang='lat' dir='ltr'>modulate</span> <span class='ocrx_word' id='word_1_54' title='bbox 1020 1143 1080 1183; x_wconf 92' lang='lat' dir='ltr'>una</span> <span class='ocrx_word' id='word_1_55' title='bbox 1093 1119 1248 1183; x_wconf 88' lang='lat' dir='ltr'>harmonia</span> <span class='ocrx_word' id='word_1_56' title='bbox 1264 1119 1427 1183; x_wconf 91' lang='lat' dir='ltr'>decurrent.</span> 
     </span>
     <span class='ocr_line' id='line_1_8' title="bbox 305 1240 1429 1335; baseline -0.006 -23"><span class='ocrx_word' id='word_1_57' title='bbox 305 1247 381 1312; x_wconf 89' lang='lat' dir='ltr'>Nam</span> <span class='ocrx_word' id='word_1_58' title='bbox 405 1249 463 1312; x_wconf 90' lang='lat' dir='ltr'>hoc</span> <span class='ocrx_word' id='word_1_59' title='bbox 487 1270 607 1335; x_wconf 90' lang='lat' dir='ltr'>quoquc</span> <span class='ocrx_word' id='word_1_60' title='bbox 623 1247 833 1335; x_wconf 85' lang='lat' dir='ltr'>Fragmentum</span> <span class='ocrx_word' id='word_1_61' title='bbox 848 1246 1018 1310; x_wconf 79' lang='lat' dir='ltr'>Jeho&#39;tistae</span> <span class='ocrx_word' id='word_1_62' title='bbox 1036 1267 1113 1332; x_wconf 92' lang='lat' dir='ltr'>opus</span> <span class='ocrx_word' id='word_1_63' title='bbox 1137 1267 1199 1309; x_wconf 90' lang='lat' dir='ltr'>esse</span> <span class='ocrx_word' id='word_1_64' title='bbox 1223 1243 1351 1308; x_wconf 90' lang='lat' dir='ltr'>declarat</span> <span class='ocrx_word' id='word_1_65' title='bbox 1367 1240 1429 1306; x_wconf 85' lang='lat' dir='ltr'>for·</span> 
     </span>
     <span class='ocr_line' id='line_1_9' title="bbox 306 1365 1430 1456; baseline -0.005 -19"><span class='ocrx_word' id='word_1_66' title='bbox 306 1374 386 1437; x_wconf 92' lang='lat' dir='ltr'>mula</span> <span class='ocrx_word' id='word_1_67' title='bbox 401 1372 613 1437; x_wconf 88' lang='lat' dir='ltr'>benedictionis</span> <span class='ocrx_word' id='word_1_68' title='bbox 628 1369 713 1455; x_wconf 83' lang='lat' dir='ltr'>(Gen.</span> <span class='ocrx_word' id='word_1_69' title='bbox 726 1371 778 1447; x_wconf 86' lang='lat' dir='ltr'>IX,</span> <span class='ocrx_word' id='word_1_70' title='bbox 793 1365 859 1453; x_wconf 83' lang='lat'><strong>26).</strong></span> <span class='ocrx_word' id='word_1_71' title='bbox 890 1369 929 1434; x_wconf 80' lang='lat' dir='ltr'>Et</span> <span class='ocrx_word' id='word_1_72' title='bbox 944 1369 1002 1435; x_wconf 87' lang='lat' dir='ltr'>lere</span> <span class='ocrx_word' id='word_1_73' title='bbox 1018 1371 1120 1434; x_wconf 89' lang='lat' dir='ltr'>ultima</span> <span class='ocrx_word' id='word_1_74' title='bbox 1135 1372 1243 1456; x_wconf 90' lang='lat' dir='ltr'>prioris</span> <span class='ocrx_word' id='word_1_75' title='bbox 1259 1367 1430 1456; x_wconf 85' lang='lat' dir='ltr'>Fragmenti</span> 
     </span>
     <span class='ocr_line' id='line_1_10' title="bbox 307 1492 1430 1585; baseline -0.005 -23"><span class='ocrx_word' id='word_1_76' title='bbox 307 1498 398 1562; x_wconf 86' lang='lat' dir='ltr'>verba</span> <span class='ocrx_word' id='word_1_77' title='bbox 427 1498 664 1585; x_wconf 83' lang='lat' dir='ltr'>significaverant</span> <span class='ocrx_word' id='word_1_78' title='bbox 685 1496 834 1561; x_wconf 88' lang='lat' dir='ltr'>Adamum</span> <span class='ocrx_word' id='word_1_79' title='bbox 864 1518 901 1559; x_wconf 89' lang='lat' dir='ltr'>ex</span> <span class='ocrx_word' id='word_1_80' title='bbox 924 1493 1024 1558; x_wconf 86' lang='lat' dir='ltr'>Edene</span> <span class='ocrx_word' id='word_1_81' title='bbox 1048 1494 1239 1559; x_wconf 90' lang='lat' dir='ltr'>exturbatum</span> <span class='ocrx_word' id='word_1_82' title='bbox 1261 1492 1352 1558; x_wconf 85' lang='lat' dir='ltr'>fuisse</span> <span class='ocrx_word' id='word_1_83' title='bbox 1375 1505 1430 1556; x_wconf 68' lang='lat' dir='ltr'>»ut</span> 
     </span>
     <span class='ocr_line' id='line_1_11' title="bbox 306 1615 1428 1707; baseline -0.005 -19"><span class='ocrx_word' id='word_1_84' title='bbox 306 1637 413 1688; x_wconf 89' lang='lat' dir='ltr'>terram</span> <span class='ocrx_word' id='word_1_85' title='bbox 443 1624 570 1688; x_wconf 76' lang='lat' dir='ltr'>coleret«</span> <span class='ocrx_word' id='word_1_86' title='bbox 596 1619 687 1704; x_wconf 87' lang='lat' dir='ltr'>(Gen.</span> <span class='ocrx_word' id='word_1_87' title='bbox 710 1622 761 1698; x_wconf 93' lang='lat' dir='ltr'>lll,</span> <span class='ocrx_word' id='word_1_88' title='bbox 786 1615 857 1703; x_wconf 81' lang='lat'><strong>23).</strong></span> <span class='ocrx_word' id='word_1_89' title='bbox 906 1619 1001 1702; x_wconf 79' lang='lat' dir='ltr'>Quam</span> <span class='ocrx_word' id='word_1_90' title='bbox 1031 1633 1099 1707; x_wconf 92' lang='lat' dir='ltr'>apte</span> <span class='ocrx_word' id='word_1_91' title='bbox 1126 1623 1218 1707; x_wconf 89' lang='lat' dir='ltr'>igitur</span> <span class='ocrx_word' id='word_1_92' title='bbox 1240 1631 1428 1706; x_wconf 88' lang='lat' dir='ltr'>sequeretur:</span> 
     </span>
     <span class='ocr_line' id='line_1_12' title="bbox 307 1739 1427 1834; baseline -0.006 -21"><span class='ocrx_word' id='word_1_93' title='bbox 307 1747 368 1813; x_wconf 73' lang='lat' dir='ltr'>»Et</span> <span class='ocrx_word' id='word_1_94' title='bbox 395 1749 537 1812; x_wconf 78' lang='lat' dir='ltr'>Adoneus</span> <span class='ocrx_word' id='word_1_95' title='bbox 567 1751 665 1834; x_wconf 90' lang='lat' dir='ltr'>coepit</span> <span class='ocrx_word' id='word_1_96' title='bbox 697 1769 760 1811; x_wconf 91' lang='lat' dir='ltr'>csse</span> <span class='ocrx_word' id='word_1_97' title='bbox 795 1746 939 1834; x_wconf 88' lang='lat' dir='ltr'>agricola,</span> <span class='ocrx_word' id='word_1_98' title='bbox 976 1759 1004 1809; x_wconf 91' lang='lat' dir='ltr'>et</span> <span class='ocrx_word' id='word_1_99' title='bbox 1032 1749 1121 1828; x_wconf 79' lang='lat' dir='ltr'>vitent</span> <span class='ocrx_word' id='word_1_100' title='bbox 1151 1748 1303 1809; x_wconf 73' lang='lat' dir='ltr'>consevit«</span> <span class='ocrx_word' id='word_1_101' title='bbox 1334 1739 1427 1825; x_wconf 87' lang='lat' dir='ltr'>(Gen.</span> 
     </span>
     <span class='ocr_line' id='line_1_13' title="bbox 305 1869 1428 1957; baseline -0.003 -21"><span class='ocrx_word' id='word_1_102' title='bbox 305 1873 362 1949; x_wconf 91' lang='lat' dir='ltr'>IX,</span> <span class='ocrx_word' id='word_1_103' title='bbox 381 1869 447 1954; x_wconf 85' lang='lat'><strong>20).</strong></span> <span class='ocrx_word' id='word_1_104' title='bbox 493 1872 606 1936; x_wconf 86' lang='lat' dir='ltr'>Deinde</span> <span class='ocrx_word' id='word_1_105' title='bbox 629 1872 772 1947; x_wconf 82' lang='lat' dir='ltr'>Adamas,</span> <span class='ocrx_word' id='word_1_106' title='bbox 798 1876 849 1957; x_wconf 89' lang='lat' dir='ltr'>qui</span> <span class='ocrx_word' id='word_1_107' title='bbox 868 1873 930 1956; x_wconf 87' lang='lat' dir='ltr'>jam</span> <span class='ocrx_word' id='word_1_108' title='bbox 954 1883 1020 1934; x_wconf 90' lang='lat' dir='ltr'>ante</span> <span class='ocrx_word' id='word_1_109' title='bbox 1044 1870 1151 1934; x_wconf 90' lang='lat' dir='ltr'>carnali</span> <span class='ocrx_word' id='word_1_110' title='bbox 1175 1871 1428 1956; x_wconf 80' lang='lat' dir='ltr'>concupiscentiae</span> 
     </span>
     <span class='ocr_line' id='line_1_14' title="bbox 307 1992 1429 2084; baseline -0.003 -24"><span class='ocrx_word' id='word_1_111' title='bbox 307 2017 411 2061; x_wconf 91' lang='lat' dir='ltr'>manus</span> <span class='ocrx_word' id='word_1_112' title='bbox 442 1996 576 2071; x_wconf 87' lang='lat' dir='ltr'>dederat,</span> <span class='ocrx_word' id='word_1_113' title='bbox 609 2000 639 2058; x_wconf 93' lang='lat' dir='ltr'>in</span> <span class='ocrx_word' id='word_1_114' title='bbox 663 1996 861 2060; x_wconf 83' lang='lat' dir='ltr'>temulentiam</span> <span class='ocrx_word' id='word_1_115' title='bbox 886 2017 1006 2084; x_wconf 87' lang='lat' dir='ltr'>quoquc</span> <span class='ocrx_word' id='word_1_116' title='bbox 1030 1996 1131 2059; x_wconf 90' lang='lat' dir='ltr'>cadere</span> <span class='ocrx_word' id='word_1_117' title='bbox 1153 1998 1315 2081; x_wconf 91' lang='lat' dir='ltr'>potuisset,</span> <span class='ocrx_word' id='word_1_118' title='bbox 1346 1992 1429 2080; x_wconf 89' lang='lat' dir='ltr'>quod</span> 
     </span>
     <span class='ocr_line' id='line_1_15' title="bbox 307 2118 1427 2207; baseline -0.001 -24"><span class='ocrx_word' id='word_1_119' title='bbox 307 2125 413 2184; x_wconf 86' lang='lat' dir='ltr'>vitium</span> <span class='ocrx_word' id='word_1_120' title='bbox 436 2124 489 2183; x_wconf 88' lang='lat' dir='ltr'>vix</span> <span class='ocrx_word' id='word_1_121' title='bbox 512 2120 575 2184; x_wconf 91' lang='lat' dir='ltr'>fieri</span> <span class='ocrx_word' id='word_1_122' title='bbox 604 2134 705 2207; x_wconf 90' lang='lat' dir='ltr'>potest</span> <span class='ocrx_word' id='word_1_123' title='bbox 727 2133 762 2184; x_wconf 94' lang='lat' dir='ltr'>ut</span> <span class='ocrx_word' id='word_1_124' title='bbox 784 2121 925 2185; x_wconf 88' lang='lat' dir='ltr'>Noachus</span> <span class='ocrx_word' id='word_1_125' title='bbox 949 2124 1015 2184; x_wconf 78' lang='lat' dir='ltr'>»vir</span> <span class='ocrx_word' id='word_1_126' title='bbox 1039 2121 1094 2184; x_wconf 92' lang='lat' dir='ltr'>deo</span> <span class='ocrx_word' id='word_1_127' title='bbox 1119 2133 1271 2207; x_wconf 90' lang='lat' dir='ltr'>acceptus,</span> <span class='ocrx_word' id='word_1_128' title='bbox 1301 2118 1427 2206; x_wconf 89' lang='lat' dir='ltr'>probus,</span> 
     </span>
     <span class='ocr_line' id='line_1_16' title="bbox 308 2244 1427 2332; baseline -0.002 -23"><span class='ocrx_word' id='word_1_129' title='bbox 308 2249 439 2309; x_wconf 88' lang='lat' dir='ltr'>omnium</span> <span class='ocrx_word' id='word_1_130' title='bbox 469 2246 547 2309; x_wconf 91' lang='lat' dir='ltr'>illius</span> <span class='ocrx_word' id='word_1_131' title='bbox 579 2248 681 2308; x_wconf 88' lang='lat' dir='ltr'>aetatis</span> <span class='ocrx_word' id='word_1_132' title='bbox 711 2250 836 2310; x_wconf 82' lang='lat' dir='ltr'>maxime</span> <span class='ocrx_word' id='word_1_133' title='bbox 865 2249 949 2332; x_wconf 87' lang='lat' dir='ltr'>pius,</span> <span class='ocrx_word' id='word_1_134' title='bbox 986 2259 1015 2309; x_wconf 93' lang='lat' dir='ltr'>et</span> <span class='ocrx_word' id='word_1_135' title='bbox 1042 2244 1137 2308; x_wconf 90' lang='lat' dir='ltr'>Deum</span> <span class='ocrx_word' id='word_1_136' title='bbox 1166 2248 1278 2308; x_wconf 90' lang='lat' dir='ltr'>sincere</span> <span class='ocrx_word' id='word_1_137' title='bbox 1307 2245 1427 2308; x_wconf 73' lang='lat' dir='ltr'>colens«</span> 
     </span>
     <span class='ocr_line' id='line_1_17' title="bbox 308 2366 1427 2456; baseline -0.002 -21"><span class='ocrx_word' id='word_1_138' title='bbox 308 2366 463 2452; x_wconf 85' lang='lat' dir='ltr'>(GenVl,</span> <span class='ocrx_word' id='word_1_139' title='bbox 481 2367 514 2446; x_wconf 79' lang='lat'>8,</span> <span class='ocrx_word' id='word_1_140' title='bbox 533 2367 566 2452; x_wconf 86' lang='lat'>9)</span> <span class='ocrx_word' id='word_1_141' title='bbox 589 2374 620 2433; x_wconf 94' lang='lat' dir='ltr'>in</span> <span class='ocrx_word' id='word_1_142' title='bbox 644 2392 675 2435; x_wconf 96' lang='lat' dir='ltr'>se</span> <span class='ocrx_word' id='word_1_143' title='bbox 699 2370 857 2434; x_wconf 88' lang='lat' dir='ltr'>admiserit.</span> <span class='ocrx_word' id='word_1_144' title='bbox 904 2370 1076 2445; x_wconf 91' lang='lat' dir='ltr'>Postremo,</span> <span class='ocrx_word' id='word_1_145' title='bbox 1100 2368 1181 2432; x_wconf 87' lang='lat' dir='ltr'>Deus</span> <span class='ocrx_word' id='word_1_146' title='bbox 1204 2369 1320 2434; x_wconf 89' lang='lat' dir='ltr'>Adamo</span> <span class='ocrx_word' id='word_1_147' title='bbox 1342 2391 1427 2456; x_wconf 90' lang='lat' dir='ltr'>prae·</span> 
     </span>
     <span class='ocr_line' id='line_1_18' title="bbox 307 2488 1429 2583; baseline 0 -25"><span class='ocrx_word' id='word_1_148' title='bbox 307 2509 439 2583; x_wconf 87' lang='lat' dir='ltr'>ceperat,</span> <span class='ocrx_word' id='word_1_149' title='bbox 464 2509 500 2559; x_wconf 93' lang='lat' dir='ltr'>ut</span> <span class='ocrx_word' id='word_1_150' title='bbox 521 2495 684 2560; x_wconf 89' lang='lat' dir='ltr'>nuditatem</span> <span class='ocrx_word' id='word_1_151' title='bbox 707 2518 791 2559; x_wconf 90' lang='lat' dir='ltr'>suam</span> <span class='ocrx_word' id='word_1_152' title='bbox 813 2496 924 2559; x_wconf 84' lang='lat' dir='ltr'>velaret</span> <span class='ocrx_word' id='word_1_153' title='bbox 947 2491 1032 2577; x_wconf 84' lang='lat' dir='ltr'>(Gen.</span> <span class='ocrx_word' id='word_1_154' title='bbox 1051 2488 1192 2576; x_wconf 82' lang='lat' dir='ltr'>ttt‚21);</span> <span class='ocrx_word' id='word_1_155' title='bbox 1223 2515 1314 2580; x_wconf 89' lang='lat' dir='ltr'>quum</span> <span class='ocrx_word' id='word_1_156' title='bbox 1337 2497 1429 2581; x_wconf 91' lang='lat' dir='ltr'>igitur</span> 
     </span>
     <span class='ocr_line' id='line_1_19' title="bbox 305 2611 1429 2708; baseline -0.002 -24"><span class='ocrx_word' id='word_1_157' title='bbox 305 2621 384 2685; x_wconf 88' lang='lat' dir='ltr'>filius</span> <span class='ocrx_word' id='word_1_158' title='bbox 412 2611 475 2707; x_wconf 70' lang='lat' dir='ltr'>ejus</span> <span class='ocrx_word' id='word_1_159' title='bbox 499 2643 560 2684; x_wconf 92' lang='lat' dir='ltr'>non</span> <span class='ocrx_word' id='word_1_160' title='bbox 583 2621 674 2684; x_wconf 85' lang='lat' dir='ltr'>modo</span> <span class='ocrx_word' id='word_1_161' title='bbox 698 2624 836 2708; x_wconf 90' lang='lat' dir='ltr'>pictatem</span> <span class='ocrx_word' id='word_1_162' title='bbox 858 2641 961 2684; x_wconf 88' lang='lat' dir='ltr'>verum</span> <span class='ocrx_word' id='word_1_163' title='bbox 984 2621 1071 2683; x_wconf 92' lang='lat' dir='ltr'>etiam</span> <span class='ocrx_word' id='word_1_164' title='bbox 1093 2617 1147 2681; x_wconf 91' lang='lat' dir='ltr'>Dei</span> <span class='ocrx_word' id='word_1_165' title='bbox 1170 2618 1339 2683; x_wconf 88' lang='lat' dir='ltr'>mandatum</span> <span class='ocrx_word' id='word_1_166' title='bbox 1363 2622 1429 2682; x_wconf 91' lang='lat' dir='ltr'>vio-</span> 
     </span>
     <span class='ocr_line' id='line_1_20' title="bbox 305 2742 1428 2832; baseline -0.002 -23"><span class='ocrx_word' id='word_1_167' title='bbox 305 2747 409 2823; x_wconf 89' lang='lat' dir='ltr'>lasset,</span> <span class='ocrx_word' id='word_1_168' title='bbox 434 2744 606 2832; x_wconf 83' lang='lat' dir='ltr'>inexpiabili</span> <span class='ocrx_word' id='word_1_169' title='bbox 630 2767 661 2808; x_wconf 87' lang='lat' dir='ltr'>se</span> <span class='ocrx_word' id='word_1_170' title='bbox 683 2746 836 2832; x_wconf 89' lang='lat' dir='ltr'>relligione</span> <span class='ocrx_word' id='word_1_171' title='bbox 861 2747 1003 2808; x_wconf 87' lang='lat' dir='ltr'>oneravit.</span> <span class='ocrx_word' id='word_1_172' title='bbox 1040 2742 1101 2808; x_wconf 88' lang='lat' dir='ltr'>Sed</span> <span class='ocrx_word' id='word_1_173' title='bbox 1122 2756 1158 2806; x_wconf 92' lang='lat' dir='ltr'>ut</span> <span class='ocrx_word' id='word_1_174' title='bbox 1175 2756 1284 2808; x_wconf 88' lang='lat' dir='ltr'>arctam</span> <span class='ocrx_word' id='word_1_175' title='bbox 1299 2744 1428 2809; x_wconf 91' lang='lat' dir='ltr'>duorum</span> 
     </span>
     <span class='ocr_line' id='line_1_21' title="bbox 305 2866 1427 2957; baseline -0.001 -24"><span class='ocrx_word' id='word_1_176' title='bbox 305 2870 551 2957; x_wconf 83' lang='lat' dir='ltr'>Fragmentorum</span> <span class='ocrx_word' id='word_1_177' title='bbox 577 2871 820 2935; x_wconf 87' lang='lat' dir='ltr'>necessitudinem</span> <span class='ocrx_word' id='word_1_178' title='bbox 838 2873 958 2956; x_wconf 88' lang='lat' dir='ltr'>penitus</span> <span class='ocrx_word' id='word_1_179' title='bbox 973 2881 1156 2956; x_wconf 87' lang='lat' dir='ltr'>perspectam</span> <span class='ocrx_word' id='word_1_180' title='bbox 1172 2866 1341 2946; x_wconf 90' lang='lat' dir='ltr'>habeamus,</span> <span class='ocrx_word' id='word_1_181' title='bbox 1365 2891 1427 2933; x_wconf 94' lang='lat' dir='ltr'>non</span> 
     </span>
     <span class='ocr_line' id='line_1_22' title="bbox 280 2993 1427 3083; baseline 0.001 -25"><span class='ocrx_word' id='word_1_182' title='bbox 280 3021 283 3028; x_wconf 58' lang='lat'><strong>⁴</strong></span> <span class='ocrx_word' id='word_1_183' title='bbox 308 2997 392 3082; x_wconf 89' lang='lat' dir='ltr'>quasi</span> <span class='ocrx_word' id='word_1_184' title='bbox 414 3016 469 3080; x_wconf 91' lang='lat' dir='ltr'>por</span> <span class='ocrx_word' id='word_1_185' title='bbox 490 3007 678 3060; x_wconf 88' lang='lat' dir='ltr'>transennam</span> <span class='ocrx_word' id='word_1_186' title='bbox 700 3008 920 3083; x_wconf 86' lang='lat' dir='ltr'>praetereuntes</span> <span class='ocrx_word' id='word_1_187' title='bbox 944 2997 1082 3070; x_wconf 90' lang='lat' dir='ltr'>strictim,</span> <span class='ocrx_word' id='word_1_188' title='bbox 1114 2993 1166 3056; x_wconf 90' lang='lat' dir='ltr'>sed</span> <span class='ocrx_word' id='word_1_189' title='bbox 1188 2997 1219 3056; x_wconf 92' lang='lat' dir='ltr'>in</span> <span class='ocrx_word' id='word_1_190' title='bbox 1242 2997 1340 3081; x_wconf 91' lang='lat' dir='ltr'>aprica</span> <span class='ocrx_word' id='word_1_191' title='bbox 1362 2995 1427 3060; x_wconf 89' lang='lat' dir='ltr'>luce</span> 
     </span>
     <span class='ocr_line' id='line_1_23' title="bbox 307 3117 1428 3207; baseline 0.001 -26"><span class='ocrx_word' id='word_1_192' title='bbox 307 3132 337 3182; x_wconf 87' lang='lat' dir='ltr'>ct</span> <span class='ocrx_word' id='word_1_193' title='bbox 365 3122 482 3182; x_wconf 91' lang='lat' dir='ltr'>attentis</span> <span class='ocrx_word' id='word_1_194' title='bbox 508 3121 600 3184; x_wconf 90' lang='lat' dir='ltr'>oeulis</span> <span class='ocrx_word' id='word_1_195' title='bbox 625 3121 856 3207; x_wconf 86' lang='lat' dir='ltr'>contemplemur</span> <span class='ocrx_word' id='word_1_196' title='bbox 879 3123 1025 3183; x_wconf 91' lang='lat' dir='ltr'>sonticum</span> <span class='ocrx_word' id='word_1_197' title='bbox 1048 3119 1130 3183; x_wconf 92' lang='lat' dir='ltr'>illum</span> <span class='ocrx_word' id='word_1_198' title='bbox 1154 3117 1259 3184; x_wconf 84' lang='lat' dir='ltr'>Chami</span> <span class='ocrx_word' id='word_1_199' title='bbox 1283 3118 1428 3184; x_wconf 86' lang='lat' dir='ltr'>Canaani·</span> 
     </span>
     <span class='ocr_line' id='line_1_24' title="bbox 307 3243 1427 3332; baseline 0.002 -26"><span class='ocrx_word' id='word_1_200' title='bbox 307 3265 364 3330; x_wconf 87' lang='lat' dir='ltr'>quc</span> <span class='ocrx_word' id='word_1_201' title='bbox 387 3243 533 3308; x_wconf 90' lang='lat' dir='ltr'>morbum.</span> <span class='ocrx_word' id='word_1_202' title='bbox 570 3244 650 3327; x_wconf 79' lang='lat' dir='ltr'>Quid</span> <span class='ocrx_word' id='word_1_203' title='bbox 672 3249 764 3332; x_wconf 90' lang='lat' dir='ltr'>igitur</span> <span class='ocrx_word' id='word_1_204' title='bbox 785 3257 980 3332; x_wconf 81' lang='lat' dir='ltr'>patraverunt</span> <span class='ocrx_word' id='word_1_205' title='bbox 1001 3247 1064 3321; x_wconf 90' lang='lat' dir='ltr'>isti,</span> <span class='ocrx_word' id='word_1_206' title='bbox 1090 3243 1174 3331; x_wconf 91' lang='lat' dir='ltr'>quod</span> <span class='ocrx_word' id='word_1_207' title='bbox 1195 3247 1310 3309; x_wconf 88' lang='lat' dir='ltr'>tertiam</span> <span class='ocrx_word' id='word_1_208' title='bbox 1330 3249 1427 3332; x_wconf 88' lang='lat' dir='ltr'>gentis</span> 
     </span>
     <span class='ocr_line' id='line_1_25' title="bbox 306 3368 1152 3457; baseline 0.001 -25"><span class='ocrx_word' id='word_1_209' title='bbox 306 3368 451 3434; x_wconf 87' lang='lat' dir='ltr'>humanae</span> <span class='ocrx_word' id='word_1_210' title='bbox 473 3383 586 3456; x_wconf 89' lang='lat' dir='ltr'>partem</span> <span class='ocrx_word' id='word_1_211' title='bbox 609 3384 754 3457; x_wconf 90' lang='lat' dir='ltr'>perpetuo</span> <span class='ocrx_word' id='word_1_212' title='bbox 778 3371 895 3456; x_wconf 88' lang='lat' dir='ltr'>piaculo</span> <span class='ocrx_word' id='word_1_213' title='bbox 920 3369 1152 3434; x_wconf 79' lang='lat' dir='ltr'>contaminaret?</span> 
     </span>
    </p>

    <p class='ocr_par' dir='ltr' id='par_1_3' title="bbox 305 3494 1428 3957">
     <span class='ocr_line' id='line_1_26' title="bbox 321 3494 1428 3583; baseline 0.001 -25"><span class='ocrx_word' id='word_1_214' title='bbox 321 3535 322 3540; x_wconf 22' lang='grc' dir='ltr'><strong><em>κ</em></strong></span> <span class='ocrx_word' id='word_1_215' title='bbox 395 3494 500 3559; x_wconf 88' lang='lat' dir='ltr'>Adami</span> <span class='ocrx_word' id='word_1_216' title='bbox 525 3498 619 3582; x_wconf 90' lang='lat' dir='ltr'>ipsius</span> <span class='ocrx_word' id='word_1_217' title='bbox 635 3496 745 3582; x_wconf 92' lang='lat' dir='ltr'>lapsus,</span> <span class='ocrx_word' id='word_1_218' title='bbox 771 3509 805 3559; x_wconf 92' lang='lat' dir='ltr'>ut</span> <span class='ocrx_word' id='word_1_219' title='bbox 820 3517 911 3583; x_wconf 90' lang='lat' dir='ltr'>supra</span> <span class='ocrx_word' id='word_1_220' title='bbox 926 3495 1065 3573; x_wconf 87' lang='lat' dir='ltr'>vidimus,</span> <span class='ocrx_word' id='word_1_221' title='bbox 1089 3517 1150 3559; x_wconf 91' lang='lat' dir='ltr'>non</span> <span class='ocrx_word' id='word_1_222' title='bbox 1167 3494 1291 3559; x_wconf 90' lang='lat' dir='ltr'>obscure</span> <span class='ocrx_word' id='word_1_223' title='bbox 1306 3499 1428 3582; x_wconf 89' lang='lat' dir='ltr'>respicit</span> 
     </span>
     <span class='ocr_line' id='line_1_27' title="bbox 306 3616 1427 3705; baseline 0.002 -23"><span class='ocrx_word' id='word_1_224' title='bbox 306 3618 343 3682; x_wconf 88' lang='lat' dir='ltr'>ad</span> <span class='ocrx_word' id='word_1_225' title='bbox 373 3616 550 3683; x_wconf 91' lang='lat' dir='ltr'>obscoenam</span> <span class='ocrx_word' id='word_1_226' title='bbox 579 3617 780 3684; x_wconf 89' lang='lat' dir='ltr'>Baal·Peoris</span> <span class='ocrx_word' id='word_1_227' title='bbox 809 3621 856 3684; x_wconf 91' lang='lat' dir='ltr'>vel</span> <span class='ocrx_word' id='word_1_228' title='bbox 884 3621 984 3705; x_wconf 87' lang='lat' dir='ltr'>Priapi</span> <span class='ocrx_word' id='word_1_229' title='bbox 1015 3619 1210 3684; x_wconf 87' lang='lat' dir='ltr'>idololatriam</span> <span class='ocrx_word' id='word_1_230' title='bbox 1240 3641 1304 3684; x_wconf 92' lang='lat' dir='ltr'>curn</span> <span class='ocrx_word' id='word_1_231' title='bbox 1333 3619 1427 3684; x_wconf 84' lang='lat' dir='ltr'>forni-</span> 
     </span>
     <span class='ocr_line' id='line_1_28' title="bbox 306 3743 1427 3831; baseline 0.003 -25"><span class='ocrx_word' id='word_1_232' title='bbox 306 3745 420 3808; x_wconf 88' lang='lat' dir='ltr'>catione</span> <span class='ocrx_word' id='word_1_233' title='bbox 444 3746 639 3830; x_wconf 90' lang='lat' dir='ltr'>conjunctam.</span> <span class='ocrx_word' id='word_1_234' title='bbox 677 3744 803 3811; x_wconf 86' lang='lat' dir='ltr'>Constat</span> <span class='ocrx_word' id='word_1_235' title='bbox 825 3758 923 3809; x_wconf 89' lang='lat' dir='ltr'>autem</span> <span class='ocrx_word' id='word_1_236' title='bbox 946 3745 1094 3808; x_wconf 89' lang='lat' dir='ltr'>Phallicos</span> <span class='ocrx_word' id='word_1_237' title='bbox 1117 3748 1193 3809; x_wconf 90' lang='lat' dir='ltr'>ritus</span> <span class='ocrx_word' id='word_1_238' title='bbox 1217 3767 1282 3809; x_wconf 92' lang='lat' dir='ltr'>cum</span> <span class='ocrx_word' id='word_1_239' title='bbox 1297 3743 1427 3831; x_wconf 86' lang='lat' dir='ltr'>Dionysi</span> 
     </span>
     <span class='ocr_line' id='line_1_29' title="bbox 305 3851 1424 3957; baseline 0.003 -26"><span class='ocrx_word' id='word_1_240' title='bbox 305 3868 387 3931; x_wconf 93' lang='lat' dir='ltr'>cultu</span> <span class='ocrx_word' id='word_1_241' title='bbox 416 3871 591 3955; x_wconf 88' lang='lat' dir='ltr'>conjunctos</span> <span class='ocrx_word' id='word_1_242' title='bbox 621 3870 658 3934; x_wconf 90' lang='lat' dir='ltr'>ab</span> <span class='ocrx_word' id='word_1_243' title='bbox 682 3870 822 3957; x_wconf 86' lang='lat' dir='ltr'>Aegypto</span> <span class='ocrx_word' id='word_1_244' title='bbox 854 3851 996 3957; x_wconf 84' lang='lat' dir='ltr'>originem</span> <span class='ocrx_word' id='word_1_245' title='bbox 1025 3893 1108 3934; x_wconf 90' lang='lat' dir='ltr'>suarn</span> <span class='ocrx_word' id='word_1_246' title='bbox 1137 3874 1265 3934; x_wconf 88' lang='lat' dir='ltr'>traxisse</span> <span class='ocrx_word' id='word_1_247' title='bbox 1295 3865 1424 3952; x_wconf 80' lang='lat' dir='ltr'>(Herod.</span> 
     </span>
    </p>
   </div>
   <div class='ocr_carea' id='block_1_3' title="bbox 304 3973 1426 4084">
    <p class='ocr_par' dir='ltr' id='par_1_4' title="bbox 304 3973 1426 4084">
     <span class='ocr_line' id='line_1_30' title="bbox 304 3973 1426 4084; baseline 0.003 -29"><span class='ocrx_word' id='word_1_248' title='bbox 304 3991 343 4068; x_wconf 91' lang='lat' dir='ltr'>ll,</span> <span class='ocrx_word' id='word_1_249' title='bbox 361 3987 438 4075; x_wconf 76' lang='lat'>49),</span> <span class='ocrx_word' id='word_1_250' title='bbox 468 3993 572 4058; x_wconf 90' lang='lat' dir='ltr'>deinde</span> <span class='ocrx_word' id='word_1_251' title='bbox 596 3998 625 4057; x_wconf 90' lang='lat' dir='ltr'>in</span> <span class='ocrx_word' id='word_1_252' title='bbox 649 3995 843 4058; x_wconf 90' lang='lat' dir='ltr'>Palaestinam</span> <span class='ocrx_word' id='word_1_253' title='bbox 869 4007 897 4058; x_wconf 91' lang='lat' dir='ltr'>et</span> <span class='ocrx_word' id='word_1_254' title='bbox 919 3973 1108 4059; x_wconf 86' lang='lat' dir='ltr'>Phoeniciarn</span> <span class='ocrx_word' id='word_1_255' title='bbox 1132 3999 1318 4084; x_wconf 87' lang='lat' dir='ltr'>migravisse,</span> <span class='ocrx_word' id='word_1_256' title='bbox 1344 3995 1426 4059; x_wconf 89' lang='lat' dir='ltr'>deni·</span> 
     </span>
    </p>
   </div>
   <div class='ocr_carea' id='block_1_4' title="bbox 304 4117 1426 4458">
    <p class='ocr_par' dir='ltr' id='par_1_5' title="bbox 304 4117 1426 4458">
     <span class='ocr_line' id='line_1_31' title="bbox 306 4117 1425 4207; baseline 0.004 -27"><span class='ocrx_word' id='word_1_257' title='bbox 306 4138 363 4204; x_wconf 81' lang='lat' dir='ltr'>que</span> <span class='ocrx_word' id='word_1_258' title='bbox 384 4139 439 4204; x_wconf 86' lang='lat' dir='ltr'>per</span> <span class='ocrx_word' id='word_1_259' title='bbox 461 4122 604 4182; x_wconf 89' lang='lat' dir='ltr'>minorem</span> <span class='ocrx_word' id='word_1_260' title='bbox 626 4117 728 4182; x_wconf 86' lang='lat' dir='ltr'>Asiam</span> <span class='ocrx_word' id='word_1_261' title='bbox 752 4131 919 4206; x_wconf 88' lang='lat' dir='ltr'>grassatos,</span> <span class='ocrx_word' id='word_1_262' title='bbox 944 4119 996 4183; x_wconf 93' lang='lat' dir='ltr'>ubi</span> <span class='ocrx_word' id='word_1_263' title='bbox 1018 4121 1195 4206; x_wconf 90' lang='lat' dir='ltr'>peculiarem</span> <span class='ocrx_word' id='word_1_264' title='bbox 1219 4124 1304 4207; x_wconf 87' lang='lat' dir='ltr'>quasi</span> <span class='ocrx_word' id='word_1_265' title='bbox 1328 4120 1425 4184; x_wconf 85' lang='lat' dir='ltr'>sedem</span> 
     </span>
     <span class='ocr_line' id='line_1_32' title="bbox 304 4241 1424 4333; baseline 0.004 -29"><span class='ocrx_word' id='word_1_266' title='bbox 304 4245 335 4304; x_wconf 87' lang='lat' dir='ltr'>in</span> <span class='ocrx_word' id='word_1_267' title='bbox 363 4241 476 4328; x_wconf 85' lang='lat' dir='ltr'>Mysia,</span> <span class='ocrx_word' id='word_1_268' title='bbox 506 4247 677 4330; x_wconf 89' lang='lat' dir='ltr'>praesertim</span> <span class='ocrx_word' id='word_1_269' title='bbox 708 4243 876 4331; x_wconf 88' lang='lat' dir='ltr'>Lampsaci,</span> <span class='ocrx_word' id='word_1_270' title='bbox 910 4248 986 4309; x_wconf 90' lang='lat' dir='ltr'>nacti</span> <span class='ocrx_word' id='word_1_271' title='bbox 1017 4258 1100 4323; x_wconf 88' lang='lat' dir='ltr'>sunt,</span> <span class='ocrx_word' id='word_1_272' title='bbox 1131 4267 1185 4333; x_wconf 89' lang='lat' dir='ltr'>per</span> <span class='ocrx_word' id='word_1_273' title='bbox 1209 4245 1365 4310; x_wconf 91' lang='lat' dir='ltr'>Thraciam</span> <span class='ocrx_word' id='word_1_274' title='bbox 1394 4248 1424 4308; x_wconf 94' lang='lat' dir='ltr'>in</span> 
     </span>
     <span class='ocr_line' id='line_1_33' title="bbox 304 4365 1426 4458; baseline 0.006 -31"><span class='ocrx_word' id='word_1_275' title='bbox 304 4365 508 4434; x_wconf 88' lang='lat' dir='ltr'>meridionalcs</span> <span class='ocrx_word' id='word_1_276' title='bbox 525 4367 661 4434; x_wconf 79' lang='lat' dir='ltr'>Graeciae</span> <span class='ocrx_word' id='word_1_277' title='bbox 684 4373 821 4458; x_wconf 87' lang='lat' dir='ltr'>regiones</span> <span class='ocrx_word' id='word_1_278' title='bbox 844 4373 996 4457; x_wconf 88' lang='lat' dir='ltr'>irrupisse.</span> <span class='ocrx_word' id='word_1_279' title='bbox 1033 4369 1094 4435; x_wconf 87' lang='lat' dir='ltr'>Sed</span> <span class='ocrx_word' id='word_1_280' title='bbox 1117 4374 1231 4438; x_wconf 84' lang='lat' dir='ltr'>tametsi</span> <span class='ocrx_word' id='word_1_281' title='bbox 1251 4371 1323 4436; x_wconf 89' lang='lat' dir='ltr'>haec</span> <span class='ocrx_word' id='word_1_282' title='bbox 1338 4370 1426 4437; x_wconf 83' lang='lat' dir='ltr'>Asia·</span> 
     </span>
    </p>
   </div>
   <div class='ocr_carea' id='block_1_5' title="bbox 0 0 1580 5160">
    <p class='ocr_par' dir='ltr' id='par_1_6' title="bbox 0 0 1580 5160">
     <span class='ocr_line' id='line_1_34' title="bbox 0 0 1580 5160; baseline 0 0"><span class='ocrx_word' id='word_1_283' title='bbox 0 0 1580 5160; x_wconf 95' lang='lat' dir='ltr'> </span> 
     </span>
    </p>
   </div>
  </div>
 </body>
</html>
