3164 5176
616 293 829 406 Q

451 609 491 676 IN
520 609 710 678 DEBORAE
740 609 990 680 ovationem.

667 761 773 772 n———n

248 877 299 944 Ad
321 877 457 944 Deborae
486 880 631 966 hymnum
660 880 867 967 triumphalem
895 881 1033 946 accedens
1057 883 1173 970 gaudeo
1198 885 1283 972 quod

159 1003 267 1068 abhinc
296 1005 531 1090 quinquennium
565 1004 642 1070 bano
670 1004 868 1072 difficillimam
897 1005 956 1072 sere
983 1011 1077 1073 totius
1108 1007 1281 1095 Scripturae

158 1132 319 1217 pericopen
341 1132 382 1193 ita
405 1133 544 1206 tractavi,
569 1133 622 1194 vix
640 1143 675 1194 ut
689 1130 851 1217 quidquam
866 1132 938 1194 mihi
953 1130 1064 1196 laboris
1081 1155 1114 1197 ac
1128 1133 1280 1199 molestiae

158 1252 369 1319 exantlandum
392 1258 523 1350 supersit
545 1249 719 1336 (Praelectio
735 1253 920 1343 Philologica
943 1259 973 1320 in
996 1256 1106 1321 sobolis
1123 1254 1280 1324 Cantabri-

156 1377 309 1466 giensibus
332 1377 433 1442 habita
456 1401 483 1442 a.
500 1378 528 1442 d.
545 1379 596 1443 IV.
612 1379 654 1442 ld.
673 1377 795 1444 Octobr.
811 1379 1075 1446 MDCCCXLVlll
1091 1381 1126 1446 de
1142 1381 1289 1447 Deborae'

156 1505 271 1567 cantico
294 1502 476 1602 triumpbali.
506 1500 646 1568 Cantabr.
662 1500 948 1587 MDCCCXLVlIl).
977 1504 1038 1570 Neo
1059 1518 1176 1594 praeter
1199 1529 1278 1572 com-

154 1629 331 1702 mentarios,
366 1648 442 1713 quos
471 1639 543 1692 tunc
570 1630 772 1713 inspexeram,
808 1629 902 1693 ullum
929 1629 1008 1717 frugi
1037 1629 1134 1695 bonae
1164 1632 1279 1698 addita-

154 1762 287 1817 mentum
315 1751 388 1816 mibi
418 1751 536 1838 quidem
558 1755 706 1829 innotuit,
737 1756 795 1817 nisi
818 1757 947 1839 excipias
971 1775 1004 1818 ea
1027 1776 1103 1842 qnae
1126 1756 1277 1822 lohannes

155 1875 193 1941 de
206 1875 361 1964 Gumpaoh
373 1869 613 1958 (Alttestamentl.
622 1875 757 1955 Studien,
771 1877 949 1968 Heidelberg
960 1877 1055 1946 1852.
1071 1901 1122 1968 pp.
1134 1877 1149 1946 1
1159 1859 1277 1964 -ltel

155 2001 325 2088 diligentius
350 2020 438 2087 quarn
460 2004 584 2088 peritius
609 2002 758 2068 disseruit.
796 2002 871 2068 Nam
895 2026 987 2092 quum
1011 2004 1117 2070 multas
1140 2007 1279 2072 emenda·

154 2128 251 2191 dones
274 2128 444 2203 tentaverit,
475 2127 562 2213 plura
585 2131 719 2215 corrupit
742 2150 831 2215 quam
854 2134 998 2207 correxit,
1028 2153 1083 2195 nec
1104 2135 1277 2198 universum

155 2253 260 2316 cantici
283 2272 401 2314 sensum
424 2250 528 2316 melius
551 2264 703 2316 assecutus
728 2265 782 2330 est,
807 2275 895 2340 quam
910 2257 932 2318 ii
948 2258 999 2341 qui
1014 2269 1235 2340 praecesserant
1243 2251 1275 2339 ¹).

242 2375 422 2462 Priusquam
446 2375 484 2441 ad
506 2378 779 2463 interpretationem
802 2376 964 2442 difficillimi
987 2378 1077 2465 hujus
1095 2377 1209 2446 Cantici
1228 2403 1277 2444 ac-

154 2502 270 2578 cedam,
295 2501 431 2566 nonnihil
455 2500 668 2589 disputandum
690 2500 809 2566 ridetur
832 2500 980 2566 derebus
1003 2506 1111 2588 gestis,
1135 2525 1211 2591 quae
1233 2504 1276 2569 ibi

154 2595 435 2704 commemorantur,
466 2626 502 2691 de
530 2625 650 2692 Debora
678 2629 758 2715 ipsa,
790 2625 825 2690 de
853 2625 969 2704 indole,
1002 2625 1213 2714 dispositione,
1246 2641 1276 2693 et

154 2751 277 2817 consilio
301 2754 455 2838 poematis.
494 2751 561 2834 Quo
586 2751 673 2828 iacto,
698 2749 736 2815 ad
759 2751 876 2838 singula
898 2750 1054 2816 enodanda
1076 2752 1180 2818 melius
1203 2775 1275 2842 pro·

153 2876 330 2965 gradiemur.

241 3002 262 3066 l.
292 3001 325 3066 ln
348 3004 443 3090 capite
467 3004 565 3064 statim
589 2999 777 3068 antecedente
798 3003 931 3091 legimus,
956 3002 1103 3081 labinum,
1129 3001 1274 3071 (lunasni-

152 3141 250 3202 tarum
273 3148 385 3214 regem,
418 3129 470 3213 qui
493 3124 642 3191 Chatzore
666 3126 765 3193 sedem
788 3149 871 3193 suam
894 3132 1005 3215 regiam
1027 3128 1163 3207 haberet,
1188 3132 1273 3216 cujus

152 3273 223 3318 vero
254 3251 318 3317 dux
347 3250 430 3317 Sisra
450 3249 606 3318 ›hahitaret
629 3249 852 3316 Charoshethae
874 3251 1052 3330 Nationum,
1083 3254 1274 3320 durissimm

151 3379 230 3442 inter
250 3377 395 3442 Israelitas
418 3377 662 3462 septentrionales
685 3379 841 3461 imperium
866 3398 920 3463 per
942 3379 1049 3464 viginti
1071 3399 1164 3442 annos
1188 3400 1274 3444 exer·

152 3504 263 3578 euisso,
295 3500 389 3566 donec
411 3498 583 3588 Baraquus,
608 3523 647 3564 ex
670 3499 808 3584 Qedasha
829 3498 1104 3586 Naphtbalitarum,
1134 3503 1273 3567 hortante

229 3703 248 3770 ¹)
271 3702 390 3756 Hominis
415 3710 483 3756 esset
501 3701 575 3756 valde
600 3703 677 3756 otiosi
702 3702 787 3756 omnia
805 3701 935 3774 perlegere
955 3720 1019 3774 qnae
1040 3701 1070 3757 de
1089 3702 1137 3758 hoe
1156 3703 1272 3761 Carmine

151 3801 296 3870 conscripta
314 3808 382 3855 sunt.
405 3799 518 3853 Strictim
539 3801 641 3871 quidem
660 3802 760 3870 inspexi
779 3799 837 3853 Poli
857 3808 881 3855 et
899 3799 1104 3857 Rosenmuelleri
1123 3803 1272 3876 farragines,

152 3917 217 3971 quae
240 3897 337 3952 nullam
361 3897 414 3952 iere
438 3905 495 3952 ante
520 3897 612 3951 editam
636 3899 874 3953 commentationem
898 3898 1020 3953 illibatam
1039 3900 1212 3972 reliquerunt:
1240 3901 1273 3956 ad

150 4015 253 4052 manum
272 3995 349 4050 habui
368 3997 479 4050 criticam
497 3995 582 4050 Datbii
600 3997 753 4062 versionem,
772 4005 849 4067 atque
867 3999 1089 4069 interpretationes
1106 3999 1135 4053 G.
1148 4001 1181 4054 Η.
1195 3999 1272 4054 Holl-

37 4145 39 4152 ,
151 4096 236 4150 manni
254 4094 354 4162 (Halae,
368 4091 449 4163 1818)
468 4102 494 4150 et
511 4094 544 4148 Η,
564 4094 597 4148 Η.
616 4094 734 4150 Kcminlri
754 4094 839 4164 (Traj.
856 4095 887 4148 ad
900 4095 981 4150 Rben.
995 4094 1089 4166 1810);
1108 4115 1191 4170 neque
1209 4098 1271 4152 mibi

149 4196 238 4266 ignota
262 4200 346 4257 erant,
372 4209 436 4263 quae
461 4200 646 4248 commentatus
672 4201 711 4247 est
729 4194 762 4247 fl.
780 4192 872 4247 Ewald
894 4195 921 4246 in
944 4193 1011 4248 libro
1034 4196 1074 4249 cni
1093 4195 1199 4250 titulus:
1224 4197 1270 4251 Die

149 4289 299 4362 poetischen
311 4289 412 4344 Blicber
431 4291 476 4346 des
488 4291 565 4346 Alten
577 4291 682 4346 Bundss
702 4292 858 4364 (distingne,
876 4289 953 4357 1839,
971 4291 1032 4346 Vol.
1046 4292 1067 4358 l,
1085 4311 1111 4364 p.
1124 4291 1194 4365 125).
1219 4293 1271 4350 Sed

148 4387 246 4447 frustra
263 4389 360 4461 ubique
380 4391 496 4462 quaesivi
513 4389 613 4463 plenam
632 4407 660 4446 ac
678 4405 763 4447 veram
782 4389 861 4462 hujus
879 4389 990 4463 Capituli
1009 4393 1137 4464 exegesis.
