3152 5160
816 284 864 360 72

276 502 464 578 hominibus,
492 499 682 564 luctabantur
706 521 778 563 curo
802 511 831 561 et
852 498 979 583 pintae
1002 492 1038 579 (1
1065 497 1144 563 Pctr.
1165 497 1216 574 lll,
1243 493 1316 580 18),
1349 499 1405 565 sed

279 649 371 715 quum
406 623 631 712 θεοίνθρωπος
666 638 757 699 esset,
794 637 823 685 et
858 627 1015 710 »apparuit
1043 636 1077 687 ut
1105 637 1225 711 peccata
1252 625 1401 700 tolleret«,

279 755 431 818 victoriam
448 750 529 816 lacile
545 753 724 838 reportavit,
742 762 770 813 et
787 761 959 836 »peccatum
974 752 1006 812 in
1022 771 1056 812 co
1073 771 1135 814 non
1152 762 1233 813 crat«
1250 744 1280 831 (l
1292 749 1401 816 loann.

278 878 328 954 lll,
348 874 392 959 5).
440 873 486 959 (ll)
514 876 648 962 Denique
677 877 884 962 superstitiosa
907 875 978 940 haec
1003 878 1104 962 opinio
1130 874 1165 938 dc
1189 887 1311 940 externa
1333 898 1405 962 pec-

280 1007 335 1068 cati
360 1006 474 1090 origine
498 1023 587 1089 quam
610 999 804 1065 refutavimus
828 1022 889 1066 non
913 998 1002 1065 modo
1021 1000 1166 1064 revelatae
1183 1014 1331 1088 repugnat
1345 1003 1405 1066 rel·

278 1131 397 1217 ligioni,
421 1149 524 1192 verum
548 1130 635 1191 etiam
659 1139 762 1192 eontra
783 1125 882 1190 honos
905 1129 937 1190 in
952 1125 1102 1214 republica
1118 1148 1214 1192 mores
1231 1129 1292 1190 vim
1308 1149 1405 1214 quan·

280 1253 347 1319 dam
370 1266 496 1317 exercet,
530 1252 564 1315 ln
586 1252 693 1339 puerili
717 1250 872 1338 disciplina
894 1251 1004 1316 liberos
1027 1265 1148 1317 nostros
1171 1273 1403 1330 commonemus,

280 1394 315 1444 ut
337 1401 408 1443 suos
431 1383 567 1466 ipsorum
591 1381 749 1465 appetitus·
763 1376 943 1464 gubernent,
976 1390 1011 1441 ut
1032 1381 1109 1455 irae,
1139 1379 1241 1466 gulae,
1271 1377 1404 1442 lihidinis

282 1505 511 1570 dominationem
535 1516 679 1568 recusent.
718 1501 819 1568 Omnis
842 1525 1006 1590 puerorum
1022 1501 1176 1592 disciplina
1191 1508 1281 1569 sumit
1295 1527 1405 1570 unum-

282 1653 427 1721 quemque
457 1652 526 1694 suae
550 1633 669 1694 virtutis
699 1628 839 1693 tutandae
867 1650 950 1694 reum
974 1651 1051 1707 esse,
1084 1641 1113 1693 et
1136 1628 1241 1695 debere
1264 1630 1422 1695 damnum⁴

282 1758 485 1846 qualecunque
509 1769 668 1843 praestare.
715 1753 772 1820 Ubi
796 1768 893 1820 autem
917 1768 995 1819 esset
1016 1753 1090 1820 illud
1113 1753 1258 1833 officimn,
1284 1759 1309 1820 si
1333 1779 1406 1822 con·

283 1882 450 1948 cederemus
474 1904 535 1946 non
559 1904 614 1946 sua
635 1884 731 1968 ipsius
755 1881 841 1966 culpa
863 1902 982 1968 peccare
1005 1903 1147 1969 puerum,
1176 1881 1229 1947 sed
1251 1885 1321 1968 quia
1342 1905 1406 1946 ma-

283 2011 401 2072 litiosus
432 2007 557 2070 daemon
582 2005 759 2072 imbecillum
782 2019 871 2092 atque
894 2009 1084 2072 immaturum
1107 2010 1237 2072 animum
1260 2007 1298 2071 ad
1320 2029 1405 2072 suam

283 2136 442 2220 perniciem
465 2131 633 2197 seduxerit!
663 2131 702 2196 Et
725 2135 958 2220 quotiescunque
982 2134 1137 2198 hortamur
1158 2155 1285 2221 puerum
1307 2145 1342 2200 ut
1358 2157 1406 2199 ca-

284 2272 352 2325 veat
374 2282 410 2324 ne
434 2282 451 2321 a
475 2258 685 2346 condiscipulis
709 2261 770 2322 suis
796 2271 1016 2346 corrumpatur,
1046 2263 1261 2324 meminerimus
1286 2273 1407 2348 oportet

285 2385 359 2474 quid
384 2385 474 2451 Pc'tro
505 2384 615 2449 dixerit
642 2383 729 2450 lesus
760 2378 886 2466 (Matth.
909 2383 995 2462 XVI,
1018 2380 1095 2466 23):
1128 2385 1251 2474 »Apage
1280 2384 1406 2452 Satanas

285 2509 317 2594 (i.
335 2535 359 2576 e.
379 2507 536 2591 tentator);
561 2510 731 2576 scandalum
754 2510 826 2574 mihi
850 2533 896 2586 es,
922 2513 992 2597 quia
1015 2533 1075 2575 non
1100 2515 1179 2598 sapis
1203 2534 1237 2575 ea
1253 2533 1328 2600 quae
1342 2513 1408 2581 Dei

285 2653 370 2716 sunt,
396 2637 449 2702 sed
471 2660 504 2701 ea
529 2659 604 2724 quae
628 2650 699 2701 sunt
721 2635 906 2701 dominum«
947 2635 1114 2719 Quinetiam
1137 2640 1168 2701 in
1190 2636 1309 2725 publica
1327 2639 1407 2724 juris

286 2763 540 2828 administratione
568 2763 650 2825 nulla
679 2761 818 2826 facinoris
848 2765 1000 2826 excusatio
1025 2763 1178 2827 deterioris
1202 2763 1329 2851 exempli
1351 2777 1405 2840 est,

287 2909 375 2975 quam
405 2891 430 2950 si
460 2891 527 2974 quis
557 2889 774 2950 monomaniam
805 2886 951 2974 quandam
974 2887 1155 2974 protendens
1180 2911 1210 2953 se
1234 2911 1296 2954 non
1318 2893 1408 2954 mimi

287 3026 453 3100 compotem
481 3011 572 3077 luisse
602 3012 798 3089 simulaverit,
829 3011 880 3076 sed
895 2992 896 2995 Ἴ
910 3013 986 3077 malo
1016 3018 1124 3101 spiritu
1153 3017 1312 3079 animatum
1338 3015 1407 3080 ideo

288 3139 444 3204 dumtaxat
459 3159 604 3225 peccasse.
635 3137 714 3202 Bene
731 3135 1093 3205 observavitWetstenius
1106 3134 1157 3222 (ad
1168 3140 1275 3206 Matth.
1288 3141 1340 3218 lV,
1354 3139 1406 3208 211.

286 3288 317 3352 p.
335 3261 422 3346 281),
449 3264 485 3328 de
505 3263 694 3328 daemoniaca
710 3286 785 3352 quac
801 3277 926 3330 vocatur
941 3268 1130 3352 possessione
1146 3265 1310 3352 disputans,
1337 3272 1408 3355 »qui

286 3391 359 3457 haec
386 3402 494 3456 temere
523 3403 553 3454 et
582 3395 644 3455 sine
673 3388 850 3477 probatione
879 3391 983 3468 credit,
1018 3413 1078 3478 quo
1104 3393 1173 3477 jure
1202 3392 1410 3458 condemnabit

196 3516 198 3522 ’
287 3516 381 3584 furem
405 3529 457 3581 aut
478 3518 624 3582 latronem
647 3515 803 3582 habentem
827 3519 1047 3582 excusationem
1071 3539 1102 3581 se
1119 3539 1214 3606 neque
1231 3522 1340 3584 sciente
1355 3542 1408 3584 nec

287 3644 404 3708 volente
427 3641 537 3706 sactum
561 3665 624 3708 esse
648 3646 820 3731 quicquam,
846 3642 899 3707 sed
918 3641 1069 3707 diabolum
1087 3642 1197 3708 callidis
1213 3643 1326 3709 artibus
1343 3666 1409 3710 eor-

287 3789 345 3856 pus
370 3789 456 3831 suum
480 3771 623 3832 invasisse
647 3782 734 3856 atquc
758 3768 955 3834 membrorum
971 3772 1137 3835 ministerio
1155 3767 1282 3836 abusum
1297 3769 1409 3835 fuisse?

288 3893 372 3983 quod
401 3915 543 3959 summam
574 3893 777 3959 confusionem
805 3908 935 3981 pareret,
970 3917 1143 3983 omnemque
1169 3899 1407 3962 testimoniorum

289 4019 493 4086 certitudinem
515 4025 668 4108 ipsamque
692 4041 832 4084 sensuum
856 4020 1031 4086 evidentiam
1055 4020 1217 4085 eluderet«

377 4146 483 4211 Valeat
504 4150 611 4234 igitur,
636 4151 667 4210 in
689 4159 866 4233 perpetuum
890 4147 997 4224 valeat,
1029 4159 1202 4234 portentosa
1226 4148 1299 4211 haec
1322 4159 1409 4235 atqua

288 4273 435 4338 haeretica
464 4277 652 4360 superstitio,
684 4272 819 4338 hodierni
843 4273 1064 4338 Manichaeismi
1091 4273 1173 4338 larva
1202 4285 1232 4336 ct
1259 4273 1410 4338 terricula-

289 4411 434 4477 mentum,
464 4403 576 4486 peccati
606 4400 827 4468 sollicitationes
854 4421 915 4465 non
939 4401 977 4466 ab
1001 4401 1083 4465 intes
1105 4398 1158 4464 sed
1182 4399 1220 4466 ab
1244 4409 1332 4465 aetra
1353 4398 1410 4462 ho-
