3172 5186
836 341 914 414 310

314 559 450 644 Pugnam
472 569 569 621 autem
584 558 724 643 imparem
740 553 842 631 luisse,
866 574 927 616 non
942 551 1032 618 modo
1048 565 1173 641 propter
1188 565 1348 630 staturam,
1373 551 1437 630 sed,

316 679 399 768 qnod
420 680 489 766 plus
512 680 643 756 valebat,
674 692 798 767 propter
821 690 1000 742 armaturam
1022 681 1235 764 pugnantium,
1264 691 1364 766 aperte
1389 677 1442 742 de-

317 806 407 869 clarat
428 807 559 869 narratio
583 807 674 891 epiea,
700 803 855 867 confirmat
868 823 939 866 vero
964 823 1060 866 nexus
1084 793 1294 867 sententiarum
1317 805 1349 866 in
1370 825 1442 866 can·

316 933 375 994 tico
399 941 515 994 nostro.
550 927 679 994 Derides
704 931 795 1005 enim,
820 931 898 992 sicut
915 927 1048 1014 plerique
1063 925 1219 1004 Israelitae‚
1242 919 1344 1016 ψιλὸς
1359 939 1440 1004 erat3

318 1052 475 1119 Goliathus
499 1067 597 1118 autem
620 1050 763 1138 ὁπλίτης,
792 1053 876 1138 cnjus
901 1064 1090 1116 armaturae
1114 1047 1305 1116 Cretensibus
1329 1063 1360 1116 et
1382 1049 1442 1117 Ca-

316 1178 400 1244 ribus
429 1177 628 1266 proculdubio
653 1177 783 1242 derivata
812 1176 907 1241 fusius
935 1180 964 1240 in
988 1179 1157 1240 narratione
1179 1176 1229 1240 illa
1251 1174 1441 1242 describitur.

317 1303 394 1368 Hinc
408 1303 457 1366 illa
473 1302 565 1367 divini
582 1303 684 1367 auxilii
701 1301 894 1390 significati03
919 1322 1035 1386 »neque
1051 1305 1159 1378 enims
1180 1314 1218 1366 ut
1232 1313 1323 1388 pocta
1338 1313 1444 1366 noster

317 1427 485 1514 profitetur,
511 1428 610 1491 »ullus
634 1431 680 1491 vir
702 1425 812 1491 robore
835 1449 891 1492 suo
914 1427 1094 1513 praevalet«

407 1551 452 1618 De
474 1565 561 1617 textu
584 1565 672 1639 atque
696 1554 939 1638 interpretatione
962 1551 1053 1638 hujus
1070 1552 1174 1614 cantici
1189 1549 1262 1614 haec
1277 1552 1338 1615 sint
1352 1549 1442 1615 dicta.

318 1675 435 1742 Verba:
466 1681 567 1771 nitar]
590 1662 705 1771 ntsstq
728 1682 818 1781 ndi?
843 1671 885 1757 (v.
901 1670 936 1758 d)
961 1697 1018 1762 ope
1040 1675 1100 1739 Jes.
1116 1674 1204 1752 XXI,
1226 1673 1265 1739 17
1289 1673 1444 1740 reddenda

320 1815 399 1867 sunt.
433 1801 475 1865 Ibi
500 1805 587 1866 enim‘
598 1803 755 1888 propheta,
780 1805 832 1887 qui
856 1801 967 1887 alioqui
982 1799 1120 1886 frequens
1136 1803 1226 1864 estin
1241 1797 1317 1864 libro
1334 1799 1444 1865 Jasha-

319 1948 392 1990 rano
415 1927 574 2013 imitando,
606 1931 725 2013 scripsit
748 1930 864 1996 ΠἽἾΞΞ
887 1921 979 2030 ΜΡ
1002 1938 1035 1990 ut
1057 1923 1235 2012 significaret
1249 1921 1443 2011 sortirerinos

320 2051 504 2136 sopittooios.
538 2052 571 2114 In
593 2075 622 2115 v.
640 2050 659 2115 5
685 2058 743 2141 Ἶῌ,
769 2073 835 2115 enm
855 2051 998 2116 Michaele
1022 2050 1155 2137 aliisque,
1180 2049 1218 2113 ad
1240 2048 1443 2114 antecedentia

320 2175 436 2239 rettuli:
461 2174 496 2240 cs.
522 2175 595 2240 Gen.
611 2175 724 2253 XLlX,
742 2174 794 2241 26.
823 2175 874 2240 Ad
896 2199 925 2240 v.
944 2172 975 2240 6.
998 2175 1133 2239 Thenins
1157 2187 1308 2262 comparat
1329 2174 1440 2239 Psalm.

320 2299 427 2376 XXX,
445 2298 475 2377 3,
495 2300 532 2378 ll,
557 2314 587 2365 et
609 2305 680 2366 citat
701 2300 940 2366 Artemidorum:
963 2295 1021 2365 τὸν
1042 2296 1133 2386 παρὰ
1154 2298 1353 2386 προσδοκίαν
1376 2313 1442 2364 σα-

321 2427 426 2490 θέντα
449 2419 559 2510 φάμεν
581 2425 617 2504 ἒξ
631 2424 747 2491 'Audeo
773 2418 1020 2511 ἀναβεβηκέναι.
1060 2424 1136 2490 Cum
1159 2425 1352 2513 sequentibus
1374 2446 1443 2490 ver·

322 2551 421 2615 siculis
444 2571 530 2615 nemo
552 2573 614 2615 non
630 2552 787 2616 contulerit
802 2551 904 2616 beatae
919 2551 1031 2617 Mariae
1047 2551 1219 2615 cantilenam
1235 2551 1316 2638 apud
1331 2550 1443 2616 Lucam

321 2676 540 2764 Evangelistam
556 2671 589 2757 (l,
605 2673 650 2741 46
666 2672 756 2762 sqq).
785 2675 870 2741 Unde
886 2677 935 2740 illa
952 2677 1095 2741 cantilena
1110 2675 1243 2741 derivata
1258 2680 1305 2753 sit,
1329 2679 1441 2740 neseio.

322 2799 383 2866 Sed
406 2799 551 2888 proiecto,
576 2803 745 2888 quicunque
769 2823 833 2865 cam
855 2805 1014 2888 scripserit,
1037 2804 1064 2865 is
1078 2801 1311 2866 Masorethieum
1325 2814 1442 2866 textum

323 2937 441 2989 secutus
471 2939 530 3003 est,
560 2938 589 2991 et
616 2939 752 2991 nostrum
779 2927 924 3014 hymnum
947 2926 1069 2990 Hannae
1091 2929 1262 3014 assignavit.
1303 2925 1394 3010 Quod
1416 2929 1443 2990 si

323 3051 390 3135 quis
414 3049 482 3113 inde
496 3049 697 3115 Masorethico
714 3055 821 3128 textui,
845 3052 901 3127 vel,
927 3055 952 3115 si
967 3054 1069 3129 mavis,
1094 3054 1224 3116 versioni
1239 3053 1443 3140 septuaginta·

323 3173 407 3238 virali
429 3187 522 3240 ratam
546 3179 751 3242 auctoritatem
775 3176 985 3240 conciliandam
1008 3191 1121 3256 censet,
1151 3199 1206 3243 nae
1228 3180 1299 3256 istc,
1324 3180 1349 3242 si
1373 3179 1443 3265 quia

323 3297 408 3378 alius,
433 3303 464 3366 in
487 3303 608 3380 circulo,
632 3301 716 3389 quod
738 3305 831 3378 aiunt,
855 3304 1060 3368 ratiocinatur.

611 3665 652 3732 ΙΝ
681 3664 892 3734 CANTICUM
920 3665 1148 3734 SECUNDUM.

829 3817 936 3826 -·—--

412 3922 495 3990 Hane
528 3926 662 3990 naeniam
691 3924 916 4012 pulcherrimam
940 3947 1003 3990 esse
1032 3939 1120 4014 atque
1149 3925 1187 3990 ad
1209 3927 1330 3991 intimos
1353 3928 1444 3991 anirni

323 4069 428 4114 sensus
445 4049 675 4116 commovendos
692 4054 881 4138 aptissimam,
901 4073 1001 4116 omnes
1017 4051 1156 4117 latentur.
1187 4049 1248 4116 Sed
1262 4073 1326 4116 non
1340 4073 1443 4116 omnes

323 4177 419 4261 primo
445 4173 554 4242 obtutu
576 4177 751 4264 intelligunt,
776 4197 867 4264 quare
886 4176 1015 4242 Davides
1039 4177 1125 4242 talem
1147 4177 1286 4242 threnum
1308 4174 1444 4263 publicae

323 4304 488 4368 recitationi
512 4302 738 4368 commendaret.
772 4301 847 4368 Nam
863 4301 973 4368 Saulus
997 4302 1115 4389 quidem
1137 4322 1191 4390 per
1213 4303 1324 4367 multos
1347 4323 1444 4368 annos

323 4429 437 4514 regium
460 4439 595 4494 nostruin
619 4439 715 4494 vatem
738 4426 853 4494 insenso
877 4427 963 4507 odio,
993 4427 1084 4495 modo
1108 4427 1200 4507 dolis,
1224 4426 1315 4495 modo
1338 4439 1443 4516 aperto
