3166 5178
814 378 836 423 ll

273 543 417 630 primitus
438 548 470 608 et
488 562 621 627 peeoare
635 542 739 608 adhue
754 542 945 610 oonteuduut
960 550 1088 629 propter
1102 544 1184 611 haue
1199 546 1383 614 sceleratam

273 652 402 738 pulpam
424 644 522 732 (Pera
534 649 579 732 H,
596 644 667 733 63),
690 669 785 731 quam
807 649 1071 734 oiroumferamus,
1095 672 1157 734 qua
1179 659 1284 718 autem
1307 653 1385 719 divi-

273 759 342 823 nior
364 756 494 842 spiritus
512 756 603 838 quasi
625 756 771 840 alligatus
794 761 952 842 teneatur3
975 764 1006 823 et
1020 740 1219 825 verissimam
1233 759 1316 826 hano
1330 758 1384 826 do

275 865 406 931 utrinam
428 864 460 928 in
480 863 611 929 vetustis
627 862 818 929 Judaeorum
840 864 929 930 libris
952 866 1009 930 sub
1027 865 1114 931 tenui
1129 865 1298 956 allegoriae
1314 866 1384 932 velo

273 974 371 1038 latere
388 970 578 1037 existimant.
601 969 651 1034 Ad
673 970 790 1036 ualuem
813 971 908 1054 igitur
922 971 1016 1056 hujus
1032 971 1180 1039 editionis
1202 971 1321 1057 subjeoi
1336 992 1385 1037 ua·

275 1088 380 1146 tanam
403 1098 518 1160 eorum,
542 1076 597 1159 qui
619 1076 661 1142 ad
683 1075 765 1142 hano
788 1079 974 1144 sententiam
999 1085 1071 1145 ante
1095 1100 1145 1145 me
1168 1084 1384 1164 pervenerunt.

192 1274 195 1281 ι
275 1185 436 1252 Aooedunt
463 1203 587 1267 quoque
616 1184 735 1266 aliquot
762 1183 1013 1270 dissertationes,
1037 1187 1213 1269 exquibus
1238 1169 1385 1253 biblicam

276 1293 439 1360 solentiam
461 1290 603 1358 nonnihil
625 1292 727 1358 bonae
750 1289 849 1375 frugis
872 1299 1089 1378 percepturam
1112 1293 1253 1359 arbitror.

342 1399 445 1477 Quum
461 1405 595 1465 exeunte
610 1418 693 1464 auno
707 1397 920 1465 MDGGGLIV
934 1398 986 1464 hio
999 1406 1149 1466 traetatus
1171 1400 1289 1485 publioi
1304 1399 1386 1486 juris

151 1594 155 1600 .
276 1507 377 1573 iaetus
402 1513 457 1589 est,
480 1507 514 1570 iu
531 1505 647 1588 Anglia
669 1505 774 1570 saltim
797 1505 953 1572 olamosas
976 1507 1216 1574 obtrectationes
1239 1507 1322 1574 illie'o
1344 1506 1387 1574 es-

276 1614 430 1679 iutiebant
449 1613 473 1677 ii
488 1613 542 1695 qui
557 1619 685 1697 propter
699 1631 799 1696 panes
816 1618 847 1678 et
861 1612 1030 1697 pisoioulos
1046 1633 1082 1681 se
1097 1614 1130 1678 iu
1145 1614 1387 1698 ignominiosam

275 1720 484 1788 bibliolatriae
514 1719 696 1786 servitutem
718 1718 997 1786 venumdederuut.
1041 1720 1083 1786 At
1110 1721 1195 1787 enim
1217 1741 1291 1788 vero
1314 1740 1388 1804 quo

275 1827 362 1894 niam
385 1847 508 1910 omnes,
538 1826 592 1909 qui
618 1826 650 1890 in
674 1825 793 1892 Diariis
815 1826 950 1911 publieis
973 1827 1042 1894 sine
1065 1828 1130 1894 suis
1154 1827 1332 1894 nominibus
1354 1827 1388 1892 iu

276 1956 328 2002 me
350 1935 500 2019 impetum
524 1933 672 2016 feserunt,
695 1933 758 1999 nisi
779 1933 864 2015 quod
886 1933 966 1999 alter
987 1935 1085 2000 altero
1101 1935 1288 2002 sourrilitate
1303 1933 1388 2009 odio

277 2042 341 2108 sior
355 2046 431 2123 erat,
455 2039 584 2106 easdem
607 2040 743 2125 ineptias
766 2041 930 2124 iterabant,
953 2041 1032 2107 satis
1053 2041 1150 2108 habui
1173 2047 1301 2108 ounotos
1324 2062 1389 2108 una

276 2149 481 2234 responsione
497 2147 658 2214 ooufutare
673 2147 706 2211 in
720 2145 799 2212 libro
815 2165 908 2229 quem
923 2147 1050 2214 ineunte
1065 2169 1148 2215 anno
1160 2146 1389 2214 MDOGGLVII

276 2255 443 2322 vernaoulo
461 2274 605 2322 sermone
626 2253 836 2338 oonsoriptum
859 2249 990 2338 edidi¹).
1016 2255 1166 2321 Inventus
1183 2262 1231 2321 est
1247 2253 1389 2339 profesto

277 2365 360 2428 unus'
377 2369 472 2444 atque
495 2361 569 2426 item
593 2361 672 2426 alter
694 2361 775 2426 inter
795 2366 953 2426 nostrates
975 2360 1149 2445 theologus,
1164 2362 1219 2445 qui
1241 2363 1390 2446 sperabat

277 2491 313 2537 se
336 2469 513 2536 meruedem
536 2467 715 2534 ambitionis
739 2487 816 2533 suae
838 2474 1068 2553 percepturum,
1090 2468 1175 2534 siin
1197 2469 1254 2535 tali
1275 2489 1391 2536 oaussa

277 2583 491 2644 auousatorem
509 2575 589 2641 ultro
605 2581 721 2659 ageret.
743 2574 847 2658 Atque
867 2574 926 2642 hos
942 2595 1001 2660 ego
1017 2576 1062 2642 ita
1077 2575 1120 2642 ad
1142 2576 1255 2642 inuitas
1270 2574 1389 2658 redegi,

276 2691 312 2750 ut
321 2684 506 2750 inhonestae
517 2703 571 2749 eos
584 2682 770 2748 temeritatis
782 2681 888 2748 statim
899 2683 1083 2767 poeniteret.
1105 2682 1170 2748 Sed
1184 2701 1281 2747 unum
1292 2680 1391 2786 illum,

277 2791 333 2872 qui
355 2790 387 2853 in
403 2789 575 2855 Germania
590 2808 695 2854 meum
709 2788 823 2853 librum
841 2809 967 2856 morosa
981 2789 1179 2855 oavillatione
1194 2794 1259 2854 tam
1275 2787 1390 2871 oupide

277 2897 505 2979 inseutabatur,
534 2895 608 2961 huie
635 2894 824 2980 praefationi
852 2895 1025 2978 reservavi,
1047 2901 1082 2960 ut
1103 2893 1217 2960 Latino
1246 2914 1390 2962 sermone

278 3009 369 3070 utens
392 3023 464 3068 eum
479 3003 582 3086 qualis
605 3002 647 3068 sit
661 3002 782 3068 nivibus
805 3002 871 3068 suis
893 3009 926 3068 et
939 3003 1075 3069 litterato
1091 3002 1159 3068 orbi
1182 2995 1390 3086 exhibeam²).

277 3111 310 3176 Is
326 3117 375 3176 est
389 3110 544 3177 Henriuus
560 3108 681 3193 Ewald,
697 3109 751 3192 qui
766 3111 868 3176 mensi
883 3110 1034 3176 Januario
1049 3107 1290 3192 aMDououv,
1306 3116 1391 3175 ante

279 3237 373 3300 quam
395 3217 473 3284 satis
488 3217 657 3302 diligenter
669 3218 775 3302 legere
789 3223 906 3302 posset,
924 3217 1041 3284 nedum
1055 3216 1251 3303 perpendere
1267 3222 1299 3283 ot
1307 3215 1391 3302 judi·

279 3345 351 3392 aare
358 3375 367 3410 ,
390 3325 424 3390 id
446 3325 531 3408 quod
556 3331 645 3392 tauta
667 3345 742 3391 oura
764 3325 1026 3409 oonseripseram,
1049 3345 1174 3391 summa
1201 3323 1390 3408 arrogantia,

279 3439 429 3515 tanquam
453 3433 481 3498 si
503 3453 544 3498 ex
566 3432 658 3498 istius
681 3431 808 3498 arbitrio
831 3437 914 3498 totus
942 3431 1129 3516 penderem,
1153 3450 1391 3514 nemeamque

279 3539 432 3606 rationem
447 3539 657 3606 ooudemnare
678 3539 875 3626 properabat
899 3537 1004 3615 Quare
1023 3543 1112 3605 tanta
1134 3536 1336 3604 festinatione
1358 3536 1392 3602 iu

280 3667 330 3712 me
345 3647 524 3729 inourreret,
547 3646 625 3712 mihi
640 3645 768 3728 quidem
790 3666 853 3712 non
873 3645 974 3732 potuit
994 3664 1066 3712 esse
1081 3642 1220 3710 dubium.
1244 3644 1392 3710 Tantum·

280 3752 373 3820 modo
389 3752 612 3820 dissimilitudo
630 3774 721 3820 meae
743 3753 873 3820 rationis
891 3750 1023 3820 offendit
1044 3750 1212 3818 hominem.
1240 3751 1392 3818 Provoou-

280 3881 387 3928 veram
410 3861 530 3927 soilioet
551 3860 672 3927 fatuum
695 3880 870 3944 sensuram,
894 3859 944 3926 sui
970 3877 1077 3925 amore
1100 3857 1258 3941 inflatum,
1281 3864 1316 3924 ut
1337 3857 1393 3941 qui

280 3969 313 4034 in
327 3970 424 4035 verba
439 3968 508 4052 ejus
526 3966 635 4051 jurare
654 3967 835 4051 noluissem,
854 3988 914 4034 neo
928 3966 1117 4053 promissam
1139 3965 1200 4031 looi
1215 3964 1392 4031 difficillimi

281 4075 523 4162 explieationem
544 4095 615 4140 mea
629 4074 783 4140 veriorem
805 4073 873 4140 iore
892 4073 971 4140 ultro
987 4093 1092 4140 essem
1112 4078 1284 4156 auguratus
1308 4069 1392 4155 (infr.

283 4200 494 4208 ——--—-

334 4251 356 4316 ¹)
381 4249 512 4304 Christian
527 4247 677 4320 Ortbodouy
688 4248 828 4304 recmwtled
838 4249 901 4303 soille
912 4248 954 4304 the
966 4250 1121 4304 conuiuatum
1133 4249 1167 4322 qs
1173 4247 1277 4301 modam
1293 4245 1395 4300 bibliuul

281 4341 411 4408 lauritium
440 4357 457 4390 a
481 4337 608 4410 tbeoprbal
630 4355 703 4408 eaaap
724 4336 788 4391 totila
814 4339 916 4392 critical
936 4337 990 4392 aad
1011 4338 1191 4391 oomooarstol
1212 4335 1393 4406 supplements,-

281 4425 396 4482 London
414 4424 492 4479 1857.

333 4515 354 4584 ²)
373 4512 529 4572 Absurdam
541 4512 647 4570 Eualdi
659 4513 792 4572 mtiouem
810 4513 907 4572 leviter
924 4511 1005 4584 attigi
1021 4511 1093 4570 libro
1108 4509 1191 4567 uitato
1202 4526 1249 4581 pp.
1258 4509 1319 4580 209,
1329 4509 1391 4567 210.
