3172 5186
614 344 824 456 'ao-a—

162 569 239 642 terat
266 556 378 632 bonus,
408 559 460 644 qui
487 577 552 620 curn
580 567 663 621 tauto
692 556 767 620 malo
789 566 949 641 conceptus
978 567 1048 620 erat.
1094 553 1178 620 Alter
1200 577 1270 622 aero

161 682 422 769 filiusconceptus
446 693 491 746 est
504 679 589 756 Abel,
607 692 765 767 conceptus
788 692 858 766 post
878 683 1087 766 poenitentiam
1108 692 1272 767 uansgree-

162 810 265 883 sionis,
286 807 364 872 filius
388 806 601 872 misericordiae
624 820 653 870 et
671 799 808 894 justua¹).
839 805 893 870 Hic
909 808 993 893 virgo
1010 805 1161 881 occiditur,
1177 807 1273 892 prima

162 933 261 996 hostia
284 943 400 1019 accepta
414 931 487 1006 Deo,
512 934 541 996 in
565 933 762 1018 expiationem
783 933 887 1007 caruis,
904 934 955 1017 qui
978 931 1079 996 sordes
1102 933 1272 1017 nuptiarum

163 1060 257 1124 earnis
280 1055 374 1122 abluit
389 1078 492 1122 cruore
510 1058 652 1143 martyrii.
682 1055 825 1143 Sequitur
846 1055 926 1121 hune
944 1059 1048 1122 tertius
1064 1055 1141 1120 filius
1157 1049 1270 1135 saw),

162 1183 247 1268 cujus
269 1203 376 1246 nomen
404 1185 643 1248 resurrectionem
674 1194 775 1258 sonat,
799 1203 837 1245 ex
860 1201 895 1246 co
919 1183 993 1246 enim
1021 1184 1187 1248 nasciturus
1210 1194 1273 1246 erat

161 1307 248 1372 Jcsus
272 1305 425 1383 Christus,
449 1329 503 1393 per
525 1327 610 1393 quem
640 1328 656 1370 a
679 1318 762 1371 tauto
786 1306 871 1391 lapsu
899 1305 1058 1393 aliquando
1080 1309 1271 1372 resurrecturi

162 1453 288 1497 mamus.
325 1429 408 1496 Circa
432 1430 513 1518 quod
536 1429 698 1496 notandum
723 1444 776 1507 cst,
801 1431 882 1517 quod
906 1453 970 1496 cum
994 1430 1068 1497 Seth
1091 1432 1200 1496 multuo
1221 1453 1272 1519 ge·
1326 1473 1335 1486 ·

163 1559 261 1622 ouisse
281 1555 359 1620 fliius
380 1569 411 1621 et
428 1556 503 1622 iilius
526 1557 648 1640 legatur,
665 1553 819 1644 Scriptura
842 1556 951 1620 nullam
967 1555 1121 1622 foeminam
1144 1559 1270 1644 genitam

161 1683 332 1745 nominatim
361 1684 506 1768 exprimit.
541 1684 574 1746 lu
602 1680 840 1768 generationibus
863 1694 959 1746 autern
984 1674 1097 1762 Cain³)‚
1125 1681 1269 1758 attitiae,

161 1808 320 1872 novissime
341 1804 468 1871 foemina
486 1803 598 1872 Noema
619 1809 719 1894 genita
741 1809 919 1872 nominatur.
941 1806 999 1870 Per
1021 1806 1102 1893 quod
1125 1807 1271 1893 eleganter

161 1931 357 2018 significatur,
383 1928 599 2020 generationem
622 1931 696 1998 Cain
720 1928 812 2018 (quae
834 1953 887 2016 per
909 1930 1051 1996 carnalem
1074 1933 1212 2007 marium,
1237 1952 1270 1996 ac

160 2055 352 2122 foeminarum
374 2057 509 2143 copulam
535 2053 727 2134 describitur)
757 2059 973 2144 generationem
1003 2078 1066 2122 esse
1093 2059 1205 2143 peccati
1232 2054 1270 2121 ad

162 2193 296 2257 mortem,
321 2182 357 2246 de
381 2203 439 2269 qua
462 2194 624 2248 nascuntur
645 2193 813 2268 peccatores
836 2179 948 2246 diluvio
962 2183 1099 2266 perituri:
1121 2185 1272 2268 generatio

140 2299 256 2372 'autem
275 2303 362 2382 Seth,
387 2310 536 2394 generatio
560 2310 717 2383 castitatis,
741 2318 770 2370 et
792 2309 1014 2371 resurrectionis
1037 2303 1075 2370 ad
1090 2308 1195 2383 vitam,
1218 2309 1269 2393 qui

160 2434 261 2519 gennit
276 2431 373 2508 Eoos,
398 2453 457 2519 quo
476 2431 656 2519 significatur
676 2431 766 2496 bomo
788 2453 892 2507 verus,
913 2442 985 2496 tune
1008 2434 1083 2496 enim
1106 2434 1202 2518 coepit
1225 2434 1270 2496 in·

162 2559 260 2622 vocari
295 2578 400 2622 nomen
428 2556 561 2632 Domini,
593 2570 621 2622 et
656 2558 727 2622 hacc
761 2560 910 2646 generatio
944 2558 1076 2624 salvatur
1109 2578 1126 2622 a
1156 2555 1269 2620 diluvio
1372 2628 1375 2634 ¹
1487 2561 1491 2568 “

159 2702 327 2770 aquarum«

249 2802 261 2886 (
269 2829 297 2893 p.
314 2801 435 2886 420.)⁴)
464 2805 633 2875 »Successit
659 2820 729 2895 post
756 2807 898 2873 diluvium
921 2809 1147 2874 circumcisionis
1171 2809 1269 2894 signa·

160 2931 257 2996 cuium
280 2930 316 2996 ad
339 2930 489 2999 Abraham
511 2933 574 2998 Deo
599 2934 749 3009 dilectum,
773 2955 869 3020 poena
894 2934 1015 2998 simulac
1038 2932 1179 2998 medicina
1201 2954 1269 3019 pec-

160 3060 214 3122 cati
252 3049 451 3144 originalis⁵)‚
481 3079 556 3146 quae
584 3057 658 3124 sacta
692 3072 736 3124 est
764 3061 794 3125 in
827 3061 998 3145 praeputio,
1029 3061 1058 3124 io
1086 3081 1121 3123 eo
1151 3057 1268 3146 quidem

160 3181 300 3258 membro,
323 3183 353 3246 in
370 3201 430 3268 quo
449 3184 561 3269 primus
584 3207 689 3270 parens
713 3197 891 3271 peceaverat,
915 3198 949 3250 ut
964 3184 1097 3250 videlieet
1118 3197 1269 3271 peccatum

161 3309 282 3394 originis
305 3319 335 3371 et
356 3319 478 3372 naturae
501 3311 531 3374 in
562 3313 627 3397 ipso
651 3330 771 3396 quoque
792 3322 913 3374 naturae
937 3322 966 3373 et
989 3313 1110 3397 originis
1138 3309 1268 3374 membro

160 3431 400 3508 obtruncaretur,
424 3436 695 3521 imprimereturque
724 3436 753 3497 in
777 3436 842 3518 ipso
865 3433 994 3498 libidinis
1020 3432 1150 3498 membro
1174 3445 1269 3498 traus-

158 3578 275 3645 gressae
304 3560 501 3624 continentiae
529 3562 727 3647 castitatisque
756 3562 902 3624 memoria.
938 3558 1048 3624 Verum
1076 3562 1146 3645 quia
1168 3579 1269 3646 peeca-

158 3694 229 3750 tum.
245 3682 301 3746 boc
324 3704 341 3746 a
365 3684 608 3769 patremmeum,
633 3707 694 3748 non
717 3708 733 3748 a
756 3697 846 3748 matre
867 3684 993 3748 foemina
1015 3683 1208 3758 contrahitur,
1232 3705 1267 3748 eo

159 3807 241 3893 quod
262 3809 398 3874 mulieres
421 3813 585 3876 nasciturae
605 3811 683 3896 proli
707 3810 814 3874 nuliam
837 3813 914 3874 vitae
937 3809 1059 3876 sormam
1075 3808 1192 3886 addere,
1216 3809 1268 3874 sed

158 3935 293 4019 corporis
322 3937 470 4000 materiam
495 3933 640 4000 duntaxat
667 3938 830 4000 ministrare
859 3937 1078 4012 existimantur,
1107 3935 1174 4001 ideo
1204 3956 1269 4000 mu·

229 4162 252 4228 ι)
272 4161 331 4214 (ien.
343 4161 388 4230 IV,
401 4162 425 4215 5.
444 4189 479 4200 -
497 4162 519 4230 ²)
538 4162 596 4216 Gen.
609 4163 642 4216 V.
662 4192 695 4202 -
714 4161 736 4230 ⁸)
756 4163 815 4218 Gen.
827 4163 871 4218 lv.
891 4193 924 4204 -
943 4162 965 4232 ⁴)
985 4163 1044 4217 Gen.
1057 4161 1138 4219 XVII.

230 4259 254 4325 ⁵)
273 4257 387 4312 Similiter
398 4259 529 4326 Erasmus,
543 4259 665 4332 Agrippae
683 4259 800 4332 aequalis,
819 4261 849 4314 de
867 4262 1045 4314 circumcisione
1062 4259 1176 4333 loquens,
1194 4279 1267 4316 »mo-

157 4353 255 4410 deratur
279 4365 304 4410 et
325 4356 392 4423 itta«,
415 4359 493 4430 inquit
516 4358 716 4435 (UoccioPros.
730 4357 839 4430 Colloqu.
858 4377 881 4430 p.
896 4358 960 4427 92),
983 4360 1079 4414 »coitus
1102 4361 1221 4431 pruritum
1244 4369 1268 4416 et

156 4456 288 4510 uariatum
306 4455 394 4510 affert·
