3152 5160
843 326 892 400 62

310 539 407 612 armis¹
426 535 564 600 scandere
592 533 755 613 imbiberit,
786 539 811 599 is
841 538 943 622 utique
974 537 1069 600 serius
1099 537 1181 599 ocius
1211 537 1241 598 in
1269 533 1429 600 Tartarum

310 662 512 752 qualecunque
542 683 629 726 suum
658 682 781 726 casurus
810 673 864 726 est.
912 657 1013 726 Simile
1037 659 1110 746 quid
1132 658 1293 726 voluerunt
1314 672 1428 726 veteres

311 785 490 852 Graecorum
518 786 745 874 mythographi,
777 806 869 872 quum
900 783 936 848 de
961 783 1204 872 Gigantomaehia
1233 797 1263 850 ct
1285 784 1321 852 de
1343 807 1429 851 mon·

309 914 383 976 tium
418 915 639 978 coacervatione
674 913 871 998 scripserunt,
908 924 996 998 atque
1030 910 1113 976 haud
1141 913 1202 976 scio
1231 933 1268 974 an
1297 909 1429 996 ejusdcm

310 1041 494 1124 arrogantiae
518 1060 614 1124 poena
638 1035 821 1103 describatur
842 1039 873 1100 in
897 1035 954 1101 alia
971 1039 1046 1102 sacri
1062 1035 1171 1102 codicis
1186 1038 1324 1124 pericope
1340 1031 1428 1118 (Gen.

309 1161 367 1238 XI,
384 1160 407 1228 4
422 1183 489 1248 sqq.
524 1161 559 1226 cl.
581 1162 657 1226 Now
679 1159 818 1248 Cratylus
843 1158 880 1243 ἐξ
896 1159 950 1239 45,
966 1157 1034 1244 46).

398 1287 533 1352 Fuerunt
554 1290 641 1353 etiam
664 1289 716 1373 qui
730 1286 953 1364 Prometheum,
979 1290 1052 1374 »qui
1075 1285 1177 1352 fraude
1200 1287 1275 1352 mala
1289 1285 1429 1374 gentibus

310 1412 442 1478 intulerit
464 1415 561 1500 ignem
585 1412 713 1478 aetheria
737 1411 826 1476 domo
851 1411 1060 1489 subductum«,
1086 1434 1152 1478 cum
1169 1411 1286 1478 Adamo
1309 1435 1430 1500 eompa-

310 1551 417 1604 rorent.
464 1537 594 1602 Joannes
617 1537 768 1603 Diaconus
793 1530 841 1618 (in
864 1536 959 1624 Alleg.
983 1536 1106 1602 Hesiod.
1129 1561 1160 1624 p.
1176 1536 1240 1604 477
1266 1533 1429 1620 Gaisford.)

310 1686 372 1730 rem
395 1666 437 1728 ita
458 1665 598 1728 tentavit:
622 1659 681 1726 οὐκ
705 1661 828 1727 ἄτοπον
851 1661 897 1738 δὲ,
920 1664 1017 1738 εἴτις
1039 1655 1151 1749 ὀρθῶς
1173 1660 1267 1726 θέλει
1286 1671 1374 1730 νοεῖν
1388 1657 1429 1726 τὰ

311 1787 485 1871 λεγόμενα,
510 1792 565 1851 καὶ
587 1789 632 1864 εἰς
653 1783 712 1872 τὴν
734 1785 891 1896 duscignan
915 1783 1018 1873 αὐλὴν
1033 1783 1091 1872 τὴν
1105 1780 1220 1873 εὐσεβῆ
1234 1787 1430 1873 meretum

311 1907 368 1978 τὸν
396 1913 523 1996 μῦθον,
553 1916 608 1976 καὶ
638 1911 690 1978 ἐπὶ
718 1912 777 1976 τοῦ
806 1912 1009 1998 προπάτορος
1038 1909 1237 1994 ἐκλαβέσθαι
1263 1907 1430 1998 τὸνόημα

311 2032 463 2118 εὐσεβῶς,
493 2029 537 2112 ὦς
565 2033 707 2120 iudaeos
733 2040 792 2118 μὲν
820 2031 877 2100 τὸν
906 2035 1100 2121 decentiorem
1129 2031 1429 2121 onocrotalorum,

311 2156 371 2246 τήν
393 2155 528 2245 ἐντολὴν
551 2157 719 2244 παραβὰς,
743 2158 904 2242 ἐξόρισιος
929 2160 965 2226 δὲ
982 2164 1113 2242 γέγονεν
1128 2159 1162 2226 ἐκ
1177 2159 1248 2225 τότε
1263 2157 1429 2247 ιῆςἘδέμ,

313 2289 368 2350 καὶ
386 2281 445 2370 τήν
460 2284 615 2350 ἐπίπονον
631 2280 794 2371 διαγωγὴν
808 2284 979 2370 κληροῦται
994 2290 1049 2349 καὶ
1064 2281 1123 2371 τήν
1138 2286 1182 2360 εἰς
1197 2282 1233 2350 cd
1249 2284 1430 2369 κλαυθμῶ-

311 2410 510 2485 κοςπέδιον
538 2407 725 2496 κατάκρισιν
730 2457 741 2486 ,
770 2451 804 2462 -
831 2412 890 2485 ἕως
917 2403 957 2475 οὗ
973 2403 1134 2495 Ἡρακλῆς
1156 2407 1281 2487 ἐλθών,
1312 2407 1430 2493 ὅλμος

306 2531 440 2621 Ἰησοῦς,
469 2536 533 2602 cciv
561 2535 687 2619 δεσμῶν
709 2532 934 2620 ἠλευθέρωσεν
949 2529 979 2617 ¹).
1025 2535 1179 2601 Herculem
1202 2539 1288 2613 uero,
1318 2536 1429 2622 mythi-

312 2683 378 2726 cum
401 2661 474 2726 illud
489 2683 576 2726 verae
598 2661 899 2746 virtutis’excmplar,
924 2660 1106 2725 multimodis
1129 2660 1167 2724 ad
1190 2663 1378 2747 sospitatoris
1400 2672 1430 2725 et

311 2786 506 2873 redemptoris
528 2788 682 2850 notionem
705 2784 855 2862 accedere,
880 2788 1089 2874 excogitarunt
1102 2788 1188 2850 etiam
1203 2785 1339 2850 hodierni
1353 2787 1430 2850 inter

311 2922 459 2976 nostrates
489 2908 622 2997 theologi
647 2904 727 2991 (vide
749 2909 786 2974 R.
805 2908 838 2976 C.
860 2910 992 2988 Trench,
1023 2910 1154 2976 Hulseau
1176 2910 1317 2976 Lectores
1343 2906 1428 2976 1846

311 3057 342 3122 p.
358 3033 402 3100 40
425 3048 462 3112 et,
488 3057 575 3123 quem
595 3039 673 3112 citat,
697 3035 869 3100 Buttmann.
886 3036 1083 3123 Mythologus
1098 3037 1125 3112 l,
1142 3059 1172 3123 p.
1190 3033 1255 3100 252
1271 3030 1361 3123 sqq.).
1395 3034 1429 3100 ln

313 3182 347 3226 co
376 3173 473 3225 tamen
496 3161 612 3226 Adamo
643 3160 868 3240 dissimillimus,
899 3159 1011 3227 Christi
1037 3173 1134 3227 autem
1158 3161 1321 3226 simillimus
1344 3182 1429 3247 repe-

310 3288 387 3351 ritur
402 3285 536 3364 Alcides,
560 3286 643 3374 quod
664 3286 846 3374 voluptatem
870 3299 1043 3372 aspernatur
1066 3299 1095 3352 et
1117 3289 1268 3374 generosis
1291 3310 1323 3352 se
1345 3285 1429 3351 laho-

311 3411 394 3476 ribus
418 3425 447 3476 ct
471 3416 559 3476 morti
581 3413 701 3477 humani
724 3415 839 3500 generis
856 3412 933 3499 'ergo
950 3410 1067 3478 addicit.
1102 3411 1187 3476 Unde
1201 3406 1312 3496 Σωτὴρ
1328 3409 1429 3498 appel-

311 3537 389 3601 latur
412 3532 584 3623 (Spanhem.
610 3537 645 3604 dc
668 3560 726 3603 usu
749 3550 779 3601 et
799 3560 845 3624 pr.
862 3559 943 3600 num.
967 3559 997 3624 p.
1014 3532 1109 3620 418),
1141 3549 1171 3602 et
1190 3536 1337 3602 Pindarus
1360 3557 1429 3600 cum

311 3663 352 3726 ita
375 3661 537 3749 alloquitur
560 3659 654 3744 (Nem.
668 3662 731 3740 Vll,
749 3657 796 3745 9l:
828 3660 966 3728 δύνασαι
987 3665 1150 3747 βροτοῖσιν
1171 3657 1277 3728 ἀλκὰν
1297 3656 1429 3745 ἄμαχα-

312 3788 386 3852 κιᾶκ
409 3785 577 3869 δυσβάτων
599 3784 697 3869 θαμολ
721 3782 864 3870 διδόμεν.

402 3910 483 3993 Quae
506 3933 598 3999 quum
621 3915 662 3976 ita
685 3915 757 4018 siut,
783 3910 906 3976 dubium
929 3933 991 3976 non
1013 3924 1059 3976 est
1076 3911 1150 3999 quid
1165 3910 1201 3975 de
1216 3913 1317 3978 intima
1331 3913 1428 3978 nostri

310 4034 478 4126 Fragmenti
498 4038 710 4125 significatione
726 4039 872 4100 censuerit
885 4035 1052 4123 Apostolus
1067 4037 1155 4124 longe
1172 4040 1302 4103 omnium
1317 4035 1428 4104 doctis·

387 4231 405 4299 ¹)
430 4227 466 4284 Dc
485 4229 534 4284 hoc
553 4237 702 4304 argumento
722 4230 779 4284 vide
795 4229 924 4303 Edgarum
939 4229 1031 4296 Quinet
1051 4229 1081 4283 dc
1099 4228 1124 4283 la
1136 4229 1214 4285 tante
1233 4229 1264 4285 de
1277 4226 1427 4285 Promc'thie

312 4327 458 4382 considc'rtle
476 4328 538 4382 dana
558 4347 599 4383 ses
617 4337 735 4400 rapports
751 4345 812 4384 avec
824 4328 847 4384 le
861 4327 1054 4388 christianismo
1067 4329 1166 4396 (Revue
1180 4328 1226 4384 dee
1239 4328 1306 4383 deux
1318 4327 1427 4383 mundes

306 4434 373 4482 tom.
385 4421 466 4492 Xlll,
485 4443 509 4496 p.
523 4423 575 4481 3³7
589 4430 666 4498 sqq.).
