3166 5178
833 354 883 426 34

297 565 372 631 clare
401 564 554 628 admonet:
590 555 609 648 ἦ
634 560 815 648 φιλοσοφία
843 559 1076 646 περιληπτιιιῶς
1103 557 1261 642 θεολογετ
1286 555 1416 643 (Strom.

296 689 352 767 Vl,
376 712 407 776 p.
424 687 506 766 802,
531 688 550 752 l.
570 686 601 753 8.
625 682 757 771 Pottcr).
804 685 905 774 Atque
928 689 1041 750 utinam
1063 707 1164 752 omnes
1189 686 1352 774 Theologi,
1376 686 1418 751 nil

298 813 355 878 sibi
377 826 595 901 proponentes,
619 815 677 876 nisi
700 825 736 876 ut
750 814 903 876 veritatem
921 811 1124 898 explorarent,
1149 811 1308 898 tranquilla
1322 823 1418 876 mente

296 938 505 1027 philosophari
527 937 664 1026 possent!
689 937 733 1000 lta
756 939 832 1000 enim
855 940 963 1001 certius
987 936 1026 1001 ad
1042 937 1121 1000 illam
1137 937 1335 1023 cognitionem
1350 957 1418 1022 per·

297 1065 480 1140 veniremus,
506 1083 581 1151 quae
602 1083 700 1127 veram
716 1061 874 1126 Ecclesiam
898 1061 950 1126 alit
972 1074 1002 1126 et
1024 1065 1163 1139 sustinet,
1190 1081 1264 1149 quae
1286 1083 1418 1150 paganae

297 1169 493 1275 ignorantiae
516 1186 607 1253 lacem
643 1181 788 1264 accendit,
825 1207 900 1274 quae
933 1187 1097 1251 haereticos
1132 1207 1245 1252 errores
1275 1185 1417 1251 confutat.

299 1310 463 1376 Confirmat
491 1315 566 1376 enim
595 1311 673 1376 idem
697 1309 831 1377 Clemens
859 1306 990 1394 (Strom.
1007 1310 1062 1388 Vl,
1089 1308 1316 1398 p.8941.12
1344 1310 1418 1376 Pot-

297 1431 376 1519 ter):
411 1435 507 1522 ιριῶν
535 1429 642 1502 οὐσῶν
671 1435 855 1501 διαθεσέων
882 1439 937 1523 τῆς
970 1434 1079 1525 ψυχῆς
1113 1428 1294 1518 ἆγνοΙας,
1330 1430 1419 1522 οἰή-

299 1575 414 1640 σεως,
438 1559 667 1647 ἐπιστήμης,
690 1556 722 1624 οἳ
744 1561 804 1643 μὲν
826 1558 862 1625 ἐν
883 1560 920 1652 τῇ
943 1557 1060 1642 ἀγνοίᾳ
1081 1555 1122 1624 col
1146 1558 1247 1646 ἔθνη*
1270 1557 1302 1624 οἳ
1325 1559 1361 1625 δὲ
1383 1558 1419 1626 ἓν

297 1685 336 1778 τῇ
362 1685 516 1777 ἐπιστήμῃ
539 1679 558 1772 q‘
578 1682 743 1771 Ἐκκλησία
765 1681 784 1770 ἢ
809 1681 952 1772 ἀληθής*
987 1681 1019 1749 οἱ
1042 1685 1079 1750 δὲ
1101 1684 1136 1751 ἓν
1158 1685 1258 1772 οἰήσει
1279 1681 1312 1750 οἳ
1334 1680 1418 1750 κατὰ

297 1805 356 1886 τὰς
384 1807 530 1897 αἱρέσεις.
580 1811 646 1876 Jam
674 1833 745 1877 vero
776 1808 993 1876 Christianismi
1027 1811 1126 1878 lumen
1159 1811 1223 1876 illas
1257 1811 1417 1876 infidelium

297 1934 435 2001 tenebras
470 1939 565 2000 serius
601 1957 694 2023 ocyus
730 1934 901 2024 dissipabit3
935 1935 998 2000 dies
1029 1935 1137 2000 delebit
1164 1937 1214 2000 illa
1244 1938 1417 2022 opinionum

299 2073 477 2138 commenta3
507 2060 557 2124 illa
580 2063 688 2126 veritas
717 2082 825 2148 magna
847 2073 893 2125 est
915 2074 944 2125 et
965 2059 1155 2147 praevalebit.
1201 2059 1263 2126 Sed
1284 2061 1358 2124 nihil
1380 2059 1418 2125 nd

298 2187 379 2251 hune
407 2189 520 2250 exitum
548 2183 756 2251 maturandum
784 2185 853 2272 plus
877 2186 1036 2263 conducet,
1067 2207 1156 2273 quam
1180 2183 1417 2251 Christianorum

298 2315 376 2376 inter
398 2334 428 2376 se
452 2310 598 2376 fraternus
622 2331 705 2376 amor
729 2323 818 2399 atque
840 2314 954 2389 unitas,
985 2311 1134 2377 vinculum
1157 2309 1232 2374 illud
1253 2311 1418 2399 relligiosae

297 2435 486 2524 perfectionis
512 2433 643 2520 (Coloss.
659 2435 709 2513 ΙΙΙ,
730 2431 794 2519 ΙΙ).
829 2435 975 2525 Equidem
994 2438 1111 2523 quoties
1127 2435 1303 2500 hodiernum
1318 2435 1418 2502 Eccle-

299 2565 359 2628 siae
389 2576 499 2627 statum
528 2561 727 2649 contemplor,
756 2559 810 2625 ubi
839 2563 868 2625 iu
898 2561 1038 2625 seditiosa
1067 2563 1241 2649 opinionum
1268 2561 1418 2627 conflicta·

297 2689 379 2752 tione
403 2687 475 2752 alter
498 2688 622 2752 alterum
645 2686 702 2751 snb
725 2686 864 2751 haeretici
882 2689 1001 2750 nomine
1017 2686 1186 2773 compellat,
1212 2698 1300 2775 atque
1316 2707 1417 2752 omues

298 2804 431 2896 α’γαπῆν
458 2811 536 2875 illam
567 2822 724 2888 exuentes,
761 2831 833 2874 suos
863 2813 894 2874 in
924 2808 1045 2876 Christo
1074 2809 1179 2875 fratres
1207 2809 1315 2875 infesto
1346 2811 1416 2876 odio

167 2947 179 2964 ¹
210 2981 214 2986 -
297 2947 532 3024 persequuntur,
565 2938 635 3022 quia
663 2934 773 3000 scilicet
799 2935 830 2998 in
859 2935 1025 3024 quisquiliis
1048 2938 1147 3000 nescio
1172 2934 1280 3023 quibus
1305 2935 1418 3000 dissen-

298 3064 393 3138 tiunt,
418 3083 480 3125 non
502 3081 627 3147 possum
651 3063 723 3147 quin
745 3063 776 3125 in
799 3064 969 3126 memoriam
992 3082 1127 3126 revocem
1149 3060 1240 3126 verba
1261 3061 1326 3139 illa,
1352 3064 1418 3149 qui·

297 3185 355 3250 bus
379 3185 525 3250 Dominus
554 3188 618 3272 ipse
645 3198 748 3274 noster
777 3189 808 3250 in
837 3190 923 3251 nimis
947 3189 1064 3251 anxiam
1086 3185 1221 3251 Marthae
1245 3185 1418 3251 sollicitudi-

298 3309 653 3411 nemlanimadvertehat:
689 3311 842 3390 »Marthem
866 3309 1000 3377 Martha!
1035 3310 1159 3376 sollicita
1182 3333 1212 3375 es
1237 3323 1266 3376 et
1286 3310 1417 3376 turbaris

233 3457 235 3460 ·
299 3438 375 3500 circa
402 3435 540 3524 plurima.
588 3422 653 3502 sed
676 3459 739 3502 nno
769 3460 846 3525 opus
870 3449 929 3514 est,
959 3449 989 3500 et
1009 3436 1106 3500 Maria
1126 3435 1237 3501 bonam
1259 3435 1337 3500 illam
1359 3434 1417 3509 sibi

296 3575 411 3650 partem
440 3561 541 3648 elegit,
572 3582 648 3649 quae
678 3561 715 3626 ab
745 3585 779 3626 ea
803 3584 866 3626 nou
888 3561 1058 3625 auferetur«
1088 3556 1177 3643 (Luc.
1199 3559 1243 3638 X,
1275 3559 1314 3624 ad
1334 3555 1415 3642 fin).

296 3687 335 3751 lis
358 3683 508 3773 profecto,
540 3689 591 3773 qui
614 3684 652 3750 ad
673 3686 841 3774 theologiae
866 3685 1015 3751 docendae
1037 3707 1146 3750 munus
1169 3686 1325 3763 accedunt,
1355 3707 1416 3750 nou

298 3811 379 3875 aliud
400 3813 590 3899 propositum
614 3825 659 3876 est
681 3810 825 3889 officium,
852 3833 940 3898 quam
956 3810 1039 3898 quod
1052 3809 1090 3874 D.
1106 3809 1223 3876 Paulus·
1234 3814 1266 3875 in
1280 3823 1416 3875 nascente

297 3937 427 4002 Ecclesia
453 3937 613 4002 Timotheo
643 3959 699 4000 suo
725 3938 916 4024 praescripsit
939 3930 972 4017 (2
989 3935 1066 4000 Tim.
1082 3936 1122 4013 ll,
1146 3932 1290 4018 23-26)
1313 3957 1417 4024 nempe

299 4075 353 4126 »ut
376 4062 507 4126 devitent
529 4063 700 4148 insipientes
724 4073 813 4147 atque
836 4059 970 4126 indoctas
994 4064 1197 4148 quaestiones,
1228 4083 1320 4150 quum
1342 4060 1417 4126 bene

298 4189 436 4252 noverint
460 4207 508 4250 eas
531 4207 593 4249 non
615 4186 673 4248 nisi
696 4184 761 4248 lites
784 4206 924 4272 generare
949 4181 1019 4268 (hoc
1043 4199 1101 4263 est,
1121 4187 1310 4272 polonicam
1327 4186 1415 4260 illam,

299 4331 374 4398 quae
398 4316 536 4386 vocatur,
568 4306 787 4396 theolopiam);
815 4333 882 4375 nam
910 4324 1028 4376 serv'um
1052 4333 1085 4375 ac
1108 4314 1275 4376 ministrum
1297 4311 1417 4376 Domini

297 4457 360 4498 non
384 4447 504 4522 oportet
524 4436 639 4523 litigare
663 4431 734 4518 (hoc
749 4448 808 4515 est,
834 4436 1045 4503 controversiis
1065 4436 1202 4503 rodoam
1215 4431 1416 4524 imperdere),
