3160 5170
746 362 749 368 ¹
810 375 885 448 172

738 475 952 490 '‘Um-

533 664 575 734 ΙΝ
602 661 901 733 FRAGMENTUM
929 661 1165 734 SECUNDUM.

373 837 497 904 Rationi
514 847 742 904 consentaneum
761 850 839 902 esset
853 849 1024 923 exspectare
1037 834 1183 926 editorem
1197 835 1406 915 lasbaranum,

285 975 445 1052 postquam
473 965 621 1050 ipsissima
643 961 759 1026 divinae
788 962 860 1049 legis
888 961 979 1026 verba
1007 964 1173 1039 recitasset,
1203 961 1408 1048 subjecturum

285 1089 376 1156 fuisse
399 1089 527 1176 aliquam
550 1088 774 1172 explicationem
799 1109 875 1174 quae
898 1086 1116 1152 medullemvel
1131 1090 1300 1152 interiorem
1318 1086 1407 1153 tabu-

285 1216 380 1279 larum
394 1211 577 1277 voluntatem
600 1215 741 1298 aperiret;
766 1225 794 1276 et
816 1224 967 1299 praeterea
985 1212 1207 1278 exhortationes
1223 1212 1405 1291 additurum,

288 1361 362 1426 quae
377 1338 514 1402 israelitis
538 1340 568 1401 in
591 1340 762 1402 memoriam
784 1336 951 1423 redigerent
974 1359 991 1401 a
1014 1350 1124 1425 quarua
1146 1359 1197 1402 eos
1214 1341 1357 1403 servitute
1375 1343 1407 1404 in

286 1476 425 1552 quantam
453 1461 620 1526 felicitatem
642 1460 758 1527 Jehova
787 1463 965 1528 sustulisset.
1011 1460 1045 1526 ld
1072 1481 1139 1526 eum
1165 1461 1268 1528 fecisse
1291 1462 1407 1530 videbi·

285 1613 366 1666 mus,
402 1591 428 1653 si
459 1587 627 1653 ductionem
657 1587 899 1653 Deuteronomici
927 1599 1083 1676 sequentes
1113 1587 1286 1656 adhibemus
1318 1591 1406 1656 etiam

284 1728 374 1781 testes
398 1735 449 1780 eos
473 1735 550 1801 quos
574 1716 676 1790 citavi,
700 1712 831 1778 Micham
852 1713 1030 1801 prophetam
1047 1725 1077 1778 et
1091 1713 1251 1780 Dominum
1267 1727 1406 1780 nostrum

286 1846 315 1908 in
343 1838 431 1906 Novo
462 1837 652 1904 Testamento
680 1838 907 1926 praedicantem.
953 1838 1054 1927 Atque
1082 1839 1140 1903 hoo
1162 1838 1303 1928 Deealogi
1332 1863 1406 1928 sup-

284 1967 464 2054 plementum
486 1967 516 2030 iu
541 1963 600 2029 duo
624 1964 802 2051 Fragmenta
825 1963 977 2041 distribui,
1006 1976 1165 2051 propterea
1188 1964 1272 2052 quod
1294 1965 1406 2031 exhor·

284 2094 411 2156 tationes
440 2092 513 2153 istae
541 2089 719 2177 singularem
749 2088 896 2176 quandam
925 2093 1084 2156 sectionem
1112 2088 1256 2166 efficiunt,
1286 2093 1319 2154 in
1344 2113 1405 2177 que

286 2218 384 2295 omnia
412 2214 584 2291 cohaerent,
615 2237 653 2278 ex
683 2236 743 2301 qua
771 2236 864 2302 quum
893 2218 1056 2302 sospitator
1078 2227 1138 2280 tres
1161 2214 1224 2280 illas
1249 2219 1404 2282 citationes

284 2342 417 2406 hauserit
439 2338 548 2428 quibus
577 2338 798 2405 sollicitationes
827 2343 939 2428 peccati
968 2338 1147 2416 confutavit,
1179 2341 1336 2406 verisimile
1359 2355 1405 2406 est

284 2467 360 2531 banc
382 2467 541 2552 pericopen
565 2460 613 2546 (ut
633 2465 816 2553 significatur
830 2465 918 2530 Dent.
931 2465 986 2542 VI,
1004 2463 1024 2532 6
1041 2461 1120 2552 sqq.)
1142 2463 1247 2553 probis
1264 2466 1403 2534 omnibus

283 2590 420 2658 Israelitis
442 2593 611 2657 memoriter
633 2590 786 2655 insedisse.
823 2589 904 2673 Quae
928 2613 1021 2679 quum
1043 2594 1086 2656 ita
1107 2594 1181 2668 sint,
1206 2592 1334 2659 medulla
1358 2594 1404 2659 vel

285 2718 441 2804 explicatio
464 2716 670 2783 mandatorum
694 2716 821 2782 medium
844 2717 943 2782 locum
967 2720 1170 2804 occupaverit,
1195 2717 1305 2784 scilicet
1325 2721 1404 2784 inter

283 2848 381 2930 ipsum
403 2837 586 2928 Decalogum
608 2855 638 2908 et
659 2841 712 2906 bas
737 2841 975 2920 exhortationes,
1004 2842 1114 2931 quibus
1136 2842 1277 2931 Decalogi
1300 2843 1404 2910 obser-

285 2972 364 3033 vatio
387 2967 560 3032 inculcatur.

371 3093 404 3158 Iu
432 3092 562 3158 secundo
584 3093 763 3182 Fragmento
792 3093 1000 3158 constituendo
1026 3116 1161 3180 provoco
1184 3098 1214 3159 in
1237 3098 1340 3182 primis
1364 3097 1404 3162 ad

284 3218 497 3285 celeberrimam
520 3220 599 3284 illam
616 3219 688 3284 lesu
707 3219 819 3285 Christi
843 3218 1082 3296 declarationem,
1107 3241 1166 3306 qua
1190 3219 1307 3286 doctori
1328 3221 1402 3309 legis

282 3348 400 3433 roganti
415 3348 494 3410 ποία
509 3340 622 3431 ἐντολὴ
638 3344 760 3430 μεγάλη
775 3343 812 3409 ἐν
826 3345 870 3432 τῷ
885 3344 973 3430 νόμῳ
979 3373 988 3421 t
1013 3340 1132 3427 (Matth.
1149 3345 1244 3423 XXII,
1262 3343 1304 3412 36
1321 3342 1401 3434 sqq.)

282 3469 450 3558 respondit:
481 3467 655 3557 ἀγαπήσεις
683 3471 793 3557 κύριον
815 3465 979 3534 τὸνθεόν
1002 3487 1060 3535 σου
1084 3469 1119 3535 ἓν
1141 3469 1199 3562 ὅλῃ
1221 3471 1259 3561 τῇ
1282 3470 1403 3557 καρδίᾳ

283 3614 341 3660 σου
367 3601 421 3659 καὶ
451 3595 486 3661 ἐν
514 3594 570 3687 ὅλῃ
599 3595 637 3687 τῇ
664 3595 758 3686 ψυχῇ
787 3611 845 3659 σου
872 3599 926 3658 καὶ
955 3592 991 3659 ἒν
1019 3593 1077 3686 ὅλῃ
1105 3595 1142 3686 τῇ
1174 3594 1304 3676 διανοίᾳ
1328 3612 1401 3662 σου·

284 3718 365 3806 αὕτη
388 3719 473 3786 ἐστὶν
495 3718 659 3806 terrete
682 3726 737 3785 οιαὶ
759 3719 778 3806 ἢ
801 3719 908 3808 πρώτη
933 3718 1058 3806 ἐντολή·
1088 3720 1221 3806 δευτέρα
1245 3721 1281 3786 δὲ
1304 3718 1402 3804 ὁμοία

282 3842 364 3936 αὐτῇ
387 3841 561 3929 ἀγαπήσεις
582 3842 641 3912 τὸν
663 3845 799 3930 πλησίον
822 3863 880 3910 σου
896 3843 938 3921 ὡς
954 3845 1098 3914 σεαυτόν.
1135 3845 1172 3912 ἐν
1185 3847 1316 3942 ταύταις
1330 3857 1403 3924 ταῖς

282 3971 375 4037 δυσὶν
397 3969 543 4046 ἐντολαῖς
566 3970 641 4048 ὅλος
664 3967 681 4036 ὁ
698 3971 795 4053 νόμος
810 3972 964 4057 κρέμαται
980 3977 1033 4036 οιαὶ
1049 3969 1080 4037 oi
1097 3970 1269 4058 προφῆται.
1300 3971 1402 4038 Verba

280 4101 346 4174 ista,
367 4096 475 4184 quibus
491 4096 577 4162 Jesus
594 4099 703 4183 prioris
719 4095 836 4161 tabulae
853 4111 1056 4184 argumentum
1074 4096 1222 4175 describit,
1245 4098 1403 4186 desumpta

280 4244 343 4287 esse
373 4203 411 4286 eud
439 4223 497 4287 hoc
526 4222 592 4287 loco
620 4221 845 4287 Deuteronomii
877 4220 951 4307 (Vl,
972 4221 1002 4287 5.
1039 4222 1136 4316 etx,
1157 4221 1207 4288 12.
1235 4223 1342 4302 XXX,
1360 4222 1401 4308 6)

281 4369 381 4412 omues
400 4350 597 4412 consentiunt.
633 4347 694 4413 Sed
710 4348 816 4426 verba,
841 4372 917 4438 quae
932 4363 1073 4438 tanquam
1089 4353 1239 4416 materiam
1254 4351 1401 4416 secundae

279 4469 396 4537 tabulae
418 4487 595 4560 proponunt
622 4479 772 4542 caritatem
796 4478 858 4541 sive
882 4476 1066 4542 dilectionem
1089 4488 1222 4544 mutuam
1244 4477 1401 4544 hominum
