3172 5186
615 347 825 462 Q

166 557 328 646 appointed
351 561 463 623 intense
486 557 628 646 suffering
643 571 675 622 to
698 557 783 622 uhate
806 557 864 622 and
887 556 974 622 ebase
996 557 1047 622 the
1062 577 1129 636 one,
1150 567 1183 620 to
1198 577 1277 620 mor·

166 681 222 772 city
238 682 296 748 end
319 684 383 770 slay
398 682 447 748 the
463 681 557 767 other,
579 684 644 748 thet
663 696 878 772 transgressore
901 702 970 769 may
984 681 1085 769 linelly
1106 679 1143 746 be
1159 658 1277 768 capable

166 806 201 874 oi
220 809 268 873 his
291 830 398 897 merny,
422 809 555 897 through
576 809 627 874 the
650 807 804 874 Solvation
832 805 890 873 and
913 806 1004 873 Gracc
1028 806 1063 872 ol
1082 807 1127 872 his
1152 804 1276 872 Christ«

167 932 271 1000 Obiter
299 955 404 999 moneo
434 935 568 1000 Thomuc
598 934 754 1022 Aquinatis
783 933 818 998 de
852 955 966 1000 summo
996 931 1077 998 bono
1105 934 1276 998 seutentiam

165 1083 291 1148 prorsus
306 1059 496 1126 laslrurauam
513 1082 590 1137 esse;
613 1064 699 1148 ponit
721 1063 796 1124 en’uu
814 1059 965 1124 shomiues
982 1061 1122 1144 consequi
1142 1057 1277 1122 ultimum

165 1185 253 1252 finem
276 1186 480 1275 cognoscendo
505 1199 534 1252 et
556 1185 680 1252 amando
697 1185 812 1270 Deum«
836 1181 1085 1272 (videWiggers,
1107 1207 1135 1271 p.
1154 1179 1225 1264 37).

359 1401 397 1466 V.
431 1399 629 1468 HENRlCUS
661 1397 882 1468 CORNELIUS
912 1397 1087 1466 AGRlPPA

527 1523 909 1592 NETTESHEIMENSIS.

256 1685 403 1753 Hactenus
419 1709 469 1754 eos
486 1690 582 1763 citavi,
599 1690 650 1776 qui
673 1687 744 1752 mihi
767 1689 932 1752 summatim
956 1697 1044 1774 etque
1068 1687 1202 1751 universe
1225 1683 1278 1750 ad·

151 1811 357 1899 stipulantur.
403 1811 488 1878 Nunc
511 1827 608 1882 eutem
635 1812 673 1877 ad
696 1835 761 1878 eum
784 1815 887 1887 venio,
911 1815 962 1899 qui
989 1813 1020 1876 in
1043 1811 1166 1898 siugulis
1189 1809 1277 1876 rebus

166 1939 209 2002 ita
238 1959 349 2003 mecum
373 1939 531 2016 consentit,
556 1951 590 2003 ut
619 1941 725 2004 scrinis
747 1939 810 2025 ejus
834 1937 1007 2025 compilasse
1031 1935 1121 2002 rideri
1149 1959 1276 2025 possem,

168 2066 224 2128 uisi
248 2067 356 2152 scripta
377 2064 455 2128 illius
472 2067 527 2128 viri
550 2086 587 2130 cx
610 2067 748 2131 memoria
771 2065 922 2128 hominum
941 2062 1071 2150 jamdiu
1090 2061 1277 2140 excidissent,

169 2201 197 2255 et
220 2188 351 2254 mihimet
373 2191 429 2276 ipsi
449 2203 648 2256 reservaretur
670 2191 846 2279 singularem
869 2191 945 2254 illam
968 2211 1098 2254 meorum
1120 2186 1278 2256 verborum

169 2319 462 2402 praeoccupationem
492 2339 529 2380 ex
555 2307 704 2381 obliuione
735 2337 881 2381 revocare.
926 2314 953 2379 Is
983 2326 1026 2378 cst
1050 2312 1204 2380 Cornelius
1231 2314 1278 2380 ille

169 2439 313 2528 Agrippa,
331 2443 383 2528 qui
398 2463 489 2528 quum
513 2442 622 2507 litterae
641 2442 704 2526 jam
725 2452 944 2506 renascerentur
962 2438 1043 2522 haud
1066 2439 1198 2504 ultimum
1221 2439 1277 2504 sibi

169 2567 200 2630 in
224 2564 378 2631 Germania
405 2567 529 2632 honoris
557 2589 590 2632 ac
618 2565 709 2632 samec
738 2567 855 2631 titulum
887 2565 1054 2630 vindicavit.
1102 2565 1201 2649 Qualis
1232 2565 1278 2632 ille

169 2693 215 2755 vir
238 2689 325 2757 luerit
346 2713 442 2779 nuper
463 2695 644 2758 resciverunt
666 2704 812 2757 nostrates
836 2715 873 2756 cx
887 2691 1003 2758 Morleii
1026 2689 1101 2756 libro
1126 2687 1210 2771 (Tea
1224 2689 1279 2780 lise

170 2814 211 2905 es
226 2813 334 2906 Heocgc
358 2816 514 2883 Cornelius
535 2819 679 2905 Aprc'ppa
705 2841 763 2882 eoo
791 2816 984 2882 Netleslcee'os.
1013 2816 1139 2882 Loudon
1164 2813 1277 2898 1856),

170 2941 222 3006 ubi
243 2955 341 3008 tamen
364 2964 504 3032 perquam
526 2943 624 3008 brevis
648 2956 692 3009 est
706 2944 809 3008 relatio
826 2942 861 3008 de
878 2954 1012 3019 tractatu,
1029 2962 1114 3029 quem
1137 2945 1278 3010 citaturus

171 3089 246 3132 sum.
279 3069 399 3134 Ineunte
423 3091 499 3134 suno
515 3068 677 3145 MDXVlll,
694 3043 828 3158 Agrippa
851 3068 960 3156 publici
980 3070 1057 3155 juris
1079 3068 1147 3134 fecit
1163 3069 1278 3136 Decla-

170 3194 335 3258 matiooem
364 3195 402 3259 de
430 3195 575 3281 eripiendi
595 3195 726 3260 Peccaio
749 3217 836 3282 quem
868 3195 1012 3261 dedicavit
1041 3193 1220 3260 treverendo
1247 3197 1278 3263 iu

172 3316 292 3384 Christo
316 3318 395 3384 Patri
426 3343 459 3385 ac
482 3319 624 3397 Domino,
655 3318 761 3384 Sacrae
785 3320 966 3408 Theologiae
989 3320 1127 3397 Doctori,
1151 3320 1278 3385 Domino

172 3443 370 3510 Theoderico
383 3444 532 3532 Episcopo
550 3443 719 3532 Cyrenensi,
742 3444 1077 3533 Archipraesulatusque
1094 3444 1278 3510 Coloniensis

171 3589 188 3633 a
210 3569 377 3658 suffragiis«
401 3566 542 3652 (Heorici
565 3571 698 3636 Cornelii
713 3571 876 3658 Agrippae
898 3571 946 3636 ab·
959 3570 1151 3661 Netlesliepot
1174 3569 1279 3658 Opera

170 3693 371 3783 LungDC.
395 3695 467 3762 Pars
484 3695 636 3761 Posterior
652 3693 910 3784 ppulu--tttt
936 3695 1029 3784 Cujus
1046 3697 1180 3784 opusculi
1197 3697 1278 3762 locos

171 3821 316 3908 quosdam
339 3843 400 3886 nou
422 3821 569 3910 gravabor
591 3843 656 3886 curn
680 3823 837 3888 lectoribus
861 3826 1082 3888 communicare.

261 3945 310 4012 Sic
338 3948 428 4036 igitur
451 3950 619 4034 opinionem
634 3969 726 4014 suam
749 3948 875 4013 declarat
898 3944 910 4028 (
916 3974 946 4037 p.
961 3944 1061 4030 titt:
1088 3947 1174 4014 »Non
1200 3947 1280 4013 aliud

172 4069 263 4137 luisse
279 4073 420 4160 originale
443 4086 591 4161 peecatum
608 4095 694 4162 quum
711 4074 853 4139 carnalem
869 4075 1003 4162 copulam
1020 4077 1075 4139 viri
1099 4087 1127 4140 et
1142 4073 1278 4151 mulieris,

173 4197 255 4286 quod
278 4201 318 4262 ita
340 4220 403 4262 esse
426 4201 456 4261 in
472 4197 599 4284 quodam
624 4195 742 4287 dialogo
765 4212 868 4264 nostro
893 4199 929 4264 dc
951 4201 1069 4266 homine
1091 4203 1192 4287 paucis
1216 4203 1281 4288 qui·

172 4321 297 4388 busdam
326 4345 471 4388 sacrarum
501 4324 661 4388 litterarum
691 4326 864 4409 conjecturis
886 4329 1100 4411 persuasimus,
1116 4327 1177 4419 ped
1203 4347 1280 4391 nunc

172 4447 301 4535 idipsum
333 4448 422 4536 paulo
454 4447 589 4514 diffusius
624 4445 785 4531 (succincte
814 4446 929 4532 tumen)
959 4450 1155 4516 ostendemus.
1206 4449 1278 4516 Nam
