3172 5186
688 331 765 418 eta

624 433 836 470 ‘’——1

262 541 357 626 Quaen
384 541 509 630 simplex
532 543 572 608 sit
599 553 629 608 et
650 544 691 608 rei
720 553 841 608 naturae
864 540 1061 610 consentanca
1089 543 1160 612 baec
1187 567 1285 634 popu·

171 668 268 738 lorum
294 667 394 734 tabula
417 670 469 734 vix
493 689 570 756 opus
600 679 700 734 estut
727 667 817 756 longo
842 689 975 734 sermone
1000 647 1164 736 ostendam
1202 669 1286 738 ,Nam

172 815 263 883 quurn
285 794 444 872 Israelitae,
468 792 659 884 regnantibus
681 791 795 858 Doride
819 806 847 860 et
870 791 1049 873 Solomone,
1073 793 1143 860 alias
1171 809 1281 884 gentes,
1372 835 1374 846 ,

172 923 196 986 si
219 921 453 1007 circumjacentes
474 920 604 1008 populos
628 921 766 1006 excipias,
789 941 895 1006 parum
918 921 1051 1009 cognitas
1078 918 1229 999 baberent,
1253 925 1284 988 ni

170 1048 276 1117 mirum
305 1048 402 1112 omnia
424 1043 463 1110 ad
490 1067 573 1110 suam
602 1047 722 1132 stirpem
746 1043 924 1122 referebant,
949 1056 1120 1132 ceterosque
1142 1068 1203 1111 nou
1226 1050 1284 1116 nisi

171 1171 267 1238 obiter
289 1183 319 1238 et
341 1172 462 1236 strictim
479 1169 755 1239 commemorabant.
791 1168 874 1236 Unde
897 1168 1005 1236 factum
1030 1183 1084 1248 est,
1108 1184 1141 1236 nt
1164 1169 1286 1240 Semitis·

170 1299 418 1386 primogeniturae
441 1297 584 1364 bonorem
606 1294 777 1373 tribuerent,
801 1298 940 1383 proximo
962 1295 1028 1362 loco
1044 1310 1189 1385 ponerent
1205 1295 1286 1364 cho-r

170 1425 266 1502 mins,
283 1423 459 1511 quibuscum
481 1423 512 1488 in
526 1420 692 1487 Palaestina
716 1433 746 1487 et
759 1420 899 1510 Aegypto
923 1421 1036 1488 tamdiu
1060 1425 1168 1488 versati
1191 1437 1283 1504 erant,

171 1560 200 1617 ct
220 1548 340 1614 ultimos
355 1559 560 1635 nuncuparent
574 1546 735 1636 Japetidas,
760 1550 811 1635 qui
835 1547 1058 1636 longinquiores
1081 1550 1216 1637 regiones
1238 1553 1284 1616 iu·

171 1674 315 1742 colebant.
343 1671 577 1762 Nomina„quae
600 1694 670 1739 suae
693 1675 778 1760 stirpi
801 1671 986 1750 indiderunt,
1011 1643 1178 1762 synonyma
1200 1687 1285 1744 erant

171 1812 200 1866 st
213 1801 392 1887 majestatem
409 1799 555 1888 quandam
579 1819 612 1864 nc
627 1797 798 1887 dignitatem
820 1797 1033 1887 significabant.
1057 1797 1192 1866 Fuerunt
1205 1804 1282 1871 enirn

170 1930 226 1994 ista
241 1929 368 2005 uomina,
389 1929 527 2014 primum,
549 1937 583 1991 ut
598 1937 723 2002 constat,
739 1919 811 2017 ΠΨ,
835 1926 854 1988 i.
872 1945 897 1990 e.
909 1946 1020 1990 nomen
1035 1924 1160 2008 celebra,
1176 1923 1281 2014 sumo,

167 2053 285 2140 plocio,
315 2053 437 2118 alterum
467 2063 579 2129 autem,
609 2063 644 2116 ut
671 2071 726 2138 ego
749 2051 901 2136 suspicor,
926 2045 991 2142 ΏΨ
1013 2050 1059 2114 vel
1081 2044 1192 2130 talibi,
1219 2055 1239 2118 i.
1255 2075 1281 2119 e.

170 2177 304 2264 dignitas
331 2178 542 2262 comajacas,
571 2175 618 2240 vel
638 2176 837 2263 priscopoleos
863 2176 1114 2264 primogeniturae
1142 2146 1287 2273 proprius¹

170 2303 274 2390 (supra
285 2325 316 2390 p.
326 2299 413 2386 109).
442 2301 486 2368 nc
506 2313 622 2390 praeter
637 2300 817 2389 dignitatem,
834 2301 951 2388 pietatis
973 2312 1003 2364 et
1016 2300 1177 2390 relligionis
1199 2305 1285 2374 initia

170 2425 288 2502 Semitis
315 2427 373 2493 illis
400 2427 447 2492 vel
469 2425 591 2492 Setbitis
619 2423 833 2496 adscribebant.
876 2420 951 2492 Nam
975 2427 1059 2512 quasi
1089 2427 1284 2516 conjungeret

169 2557 291 2623 nomine
304 2549 368 2646 ΙῚΨ
384 2566 413 2618 et
427 2548 499 2645 ΠΨ,
523 2551 619 2620 scriba
640 2550 728 2618 nobis
748 2563 855 2617 auctor
878 2563 936 2630 est,
968 2549 1076 2616 »secte
1096 2551 1281 2641 temporibus

168 2680 265 2746 Italico
285 2692 421 2767 coeptum
442 2700 505 2744 csse
527 2698 631 2744 vocare
646 2679 678 2742 iu
692 2675 922 2742 comaclense
946 2671 1098 2758 (Gean,
1116 2674 1202 2758 26l«.
1231 2677 1285 2746 Ab.

168 2807 225 2874 bec
243 2809 407 2894 primaevae
429 2803 589 2892 relligionis
610 2803 793 2890 simplicitate
815 2805 903 2891 primi
921 2800 1120 2870 desciscebant
1137 2803 1283 2900 agricolae

169 2931 304 3010 Semitas,
328 2933 380 3019 qni
393 2942 553 3018 postquam
570 2930 638 3017 pios
653 2940 787 3014 pastores
803 2927 968 2995 homicidiis
984 2941 1013 2993 et
1026 2927 1283 3016 perduellionibus

169 3057 348 3135 infestarent,
362 3055 479 3144 oppida
495 3058 571 3120 sicut
585 3056 667 3142 impii
683 3051 834 3120 Chamitne
850 3054 1046 3121 condiderunt
1061 3067 1090 3120 et
1104 3053 1235 3122 urbanae
1248 3078 1283 3152 se¹

168 3186 246 3248 vitae
266 3185 346 3248 vitiis
360 3179 541 3269 polluebant.
570 3181 669 3268 Atque
685 3181 733 3247 hic
744 3179 865 3269 'quidem
882 3179 1025 3269 duplicem
1041 3180 1121 3246 illam
1135 3179 1279 3254 babemus

169 3308 299 3396 ejusdem
321 3306 457 3373 vocabuli
481 3305 737 3394 significationem,
762 3326 851 3393 quam
873 3328 964 3394 supra
985 3309 1017 3372 in
1037 3319 1122 3374 textu
1145 3297 1187 3395 (p.
1203 3305 1279 3391 106)

167 3437 279 3501 nemci.
323 3431 397 3501 Nam
425 3444 503 3498 terre
526 3423 598 3507 tlt,
630 3433 661 3496 in
690 3449 776 3517 quam
804 3429 937 3518 confugit
964 3429 1076 3515 Quoia,
1105 3453 1167 3497 non
1189 3431 1279 3510 modo

169 3533 250 3637 nib,
280 3562 300 3624 i.
321 3581 346 3625 e.
368 3557 493 3645 Lydiam
520 3557 566 3622 vel
588 3555 690 3621 Asiam
713 3559 856 3622 minorem
879 3556 1039 3645 significat,
1069 3579 1169 3622 verum
1193 3561 1278 3630 ctiam

169 3685 206 3752 nd
226 3688 340 3774 priscas
361 3683 612 3771 Amaleqnitarurn
635 3681 719 3747 sedes
743 3694 863 3770 spectat.
892 3681 987 3748 Nobis
1011 3686 1086 3752 enim
1110 3695 1280 3752 auctorest

168 3815 213 3876 vir
235 3809 423 3877 doctissimus
445 3808 542 3875 Julius
564 3807 672 3875 Fuerst
694 3805 991 3890 (Hnndcodrtcrbucb
1010 3810 1037 3888 l,
1061 3833 1090 3898 p.
1108 3805 1192 3892 665)
1221 3808 1279 3878 sub

168 3936 369 4025 designatione
385 3907 449 4007 *lib
464 3933 682 4024 intelligendum
699 3955 778 3999 esse:
801 3931 934 3999 »Nomen
956 3938 1110 4022 proprium
1134 3939 1211 4002 eines
1232 3957 1278 4000 se·

166 4063 320 4128 rnitiseben
334 4059 449 4128 Laudes
472 4059 534 4126 und
556 4057 701 4127 Urvolbes
719 4057 809 4142 (Gen.
820 4059 859 4138 X,
877 4057 942 4145 22),
959 4083 1019 4126 von
1043 4055 1146 4126 dessen
1158 4060 1277 4126 Wohn·

167 4189 222 4253 sitz
245 4186 308 4252 und
328 4186 519 4275 abgelciteten
534 4185 685 4254 Stimmen
709 4185 755 4251 die
771 4185 882 4253 Sebrist
903 4209 985 4253 zwar
1007 4187 1102 4253 nicbts
1124 4185 1275 4264 berichtet,

168 4311 220 4378 das
243 4311 313 4378 aber
335 4311 381 4378 die
404 4311 556 4382 arabiscbc
572 4311 648 4402 Sage
672 4335 739 4378 zum
755 4311 927 4402 Ursprunge
943 4312 994 4378 des
1011 4311 1153 4378 Stammes
1169 4283 1277 4418 pbptl

167 4438 265 4504 macbt
286 4435 401 4521 (Abull.
416 4437 484 4506 bist.
500 4439 617 4504 mteiel.
632 4461 662 4526 p.
678 4434 752 4522 16),
776 4438 887 4504 welcbe
909 4440 940 4502 ln
963 4436 1015 4503 der
1037 4435 1148 4514 Sebrili
1169 4435 1276 4504 bereits
