3152 5160
686 351 736 422 69

146 565 210 626 neri
221 556 253 644 ¹).
283 559 393 648 Nempe
409 563 433 624 is
451 573 496 624 cst
511 553 530 624 ό
546 563 604 625 τοῦ
619 556 740 643 κόσμου
757 558 865 647 ἄρχων
877 557 996 644 (loann.
1009 560 1090 641 XIV,
1106 561 1148 630 30
1164 577 1194 630 et
1208 561 1268 647 ab),

146 689 233 752 notio
258 685 400 774 quaedam
425 685 590 751 mundanae
606 687 769 772 nequitiae,
795 691 947 751 amatorio
963 689 1110 772 sejuncta,
1135 689 1188 755 sed
1202 711 1270 778 per·

147 834 225 876 sona
241 812 366 890 donata;
391 812 548 897 exemplar,
575 814 695 896 species,
721 823 750 874 et
766 813 906 898 cogitatio
922 814 973 887 rei,
994 817 1115 899 quaein
1132 815 1269 880 omnibus

146 950 293 1014 versatur,
319 938 371 1002 sed
394 939 527 1023 sejuncta
551 939 691 1001 exsistere
706 939 819 1022 nequit.
855 935 930 1000 Nam
946 959 1038 1024 quum
1053 938 1182 1004 mundus
1199 962 1270 1006 con·

146 1075 206 1128 stet
223 1063 404 1140 hominibus,
430 1066 482 1150 qui
499 1064 735 1147 eoncupiscentia
752 1074 905 1148 reguntur,
929 1083 985 1126 rex
1000 1062 1091 1148 hujus
1106 1063 1210 1129 mundi
1225 1079 1270 1130 cst

145 1192 206 1252 ista
229 1191 474 1275 eoncupiscentia.
521 1187 598 1252 Hinc
621 1199 725 1250 auctor
748 1184 863 1250 2Pctr.
880 1184 945 1262 1‚5
975 1186 1097 1252 lectores
1122 1211 1194 1252 suos
1217 1188 1270 1254 ad·

145 1326 248 1377 monet
278 1327 313 1376 ut
335 1315 428 1378 vitent
458 1309 514 1397 τὴν
544 1311 579 1376 ἐν
606 1311 650 1398 τῷ
678 1306 809 1397 κόσμῳ
833 1309 868 1375 ἐν
897 1310 1094 1395 ἐπιθυμία
1122 1314 1293 1400 φθοράν.’

146 1439 209 1504 Sed
239 1439 312 1503 hacc
341 1437 397 1504 τοῦ
424 1434 546 1520 κόσμον
569 1435 730 1520 ἐπιθυμία
758 1449 803 1500 est
826 1439 913 1502 etiam
942 1435 1101 1520 ἐπιθυμία
1124 1438 1269 1523 σαρκός

146 1562 230 1646 (Gal.
250 1564 288 1641 V,
315 1558 383 1644 16).
432 1561 609 1628 Christianis
637 1565 730 1650 igitur
758 1583 824 1626 cum
852 1565 979 1649 tricipite
1008 1567 1120 1650 peceati
1147 1563 1267 1630 cerbero

146 1689 346 1755 dimicandum
369 1701 414 1753 est
437 1711 539 1772 corate,
569 1688 694 1771 macedo,
722 1699 751 1751 ot
773 1687 905 1752 diabolo.
942 1686 1094 1769 Quatenus
1118 1689 1191 1754 haec
1212 1712 1268 1754 no·

145 1821 226 1882 mina
249 1815 380 1878 diversas
403 1816 515 1899 peccati
543 1816 673 1878 rationes
698 1834 731 1875 ae
753 1811 859 1876 modos
884 1811 1052 1901 designent,
1080 1811 1157 1878 infra
1181 1813 1268 1882 doco-

144 1941 259 2017 bimus,
292 1961 383 2027 quum
407 1938 444 2002 ad
468 1915 641 2026 decalogum
665 1938 871 2024 explicandum
894 1937 1068 2003 accedimus.
1115 1938 1172 2004 Hic
1195 1943 1267 2006 satis

145 2081 190 2132 ost
213 2065 341 2129 indicare
365 2064 614 2151 quemadmodum
636 2076 787 2150 tamquam
810 2066 866 2128 tria
891 2067 986 2150 capita
1009 2065 1061 2128 uni
1082 2066 1185 2153 culpae
1202 2088 1267 2131 cor-

144 2197 213 2282 pori
241 2193 444 2278 injungantur.
491 2190 552 2254 Has
581 2211 652 2255 vero
684 2189 833 2271 σανιεαίίε,
867 2190 1033 2274 mandacii,
1064 2204 1093 2255 ct
1123 2191 1269 2257 diabolici

145 2321 257 2407 pcccati
284 2315 434 2382 illecebras
462 2319 492 2379 in
516 2317 751 2402 uniuscujusque
774 2314 902 2379 hominis
927 2314 1015 2378 eorde
1037 2319 1119 2380 nasci
1140 2329 1266 2382 testatus

146 2457 190 2508 est
212 2444 299 2508 lesus
322 2446 401 2529 ipse,
432 2444 462 2505 in
491 2443 558 2505 loeo
583 2463 674 2527 supra
697 2438 817 2504 laudato
843 2433 1027 2519 (Maronl,
1045 2436 1191 2522 21423)
1213 2439 1267 2505 ubi

144 2565 184 2633 rel
208 2564 336 2653 πονηρά
359 2567 466 2632 πάντα
490 2589 527 2632 ex
551 2566 639 2630 cordo
662 2565 793 2629 humano
816 2567 974 2651 provenire
999 2564 1101 2642 docet;
1131 2563 1266 2630 eandem·

145 2714 203 2783 que
219 2693 383 2759 doctrinam
400 2695 524 2779 exponit
539 2704 644 2756 auctor
659 2690 917 2777 locupletissimus,
941 2688 1072 2755 lacobus
1087 2689 1135 2754 illc
1149 2689 1265 2768 iustus,

145 2823 197 2908 qui
217 2817 370 2884 Servatori
393 2831 497 2883 nostro
522 2831 582 2881 tam
606 2820 749 2905 sanguine
775 2837 862 2903 quam
885 2814 1037 2904 relligione
1060 2819 1186 2880 maxime
1210 2815 1267 2881 luit

145 2958 289 3032 cognatus
302 2938 334 3026 ³).
381 2944 434 3008 Ait
457 2943 503 3007 ille
528 2937 667 3023 (l‚13):
695 2939 806 3026 μηδεὶς
828 2935 1057 3027 πειραζόμενος
1080 2939 1194 3022 λεγέτω
1218 2939 1268 3006 ὅτι

143 3066 209 3134 άπό
242 3072 325 3132 θεοῦ
356 3067 555 3153 πειράζομαι.
601 3059 618 3128 ό
647 3061 710 3152 γάρ
741 3058 823 3140 θεός
846 3061 1038 3152 ἀπείραστός
1061 3065 1127 3130 ἔστι
1150 3065 1266 3144 κακῶν,

36 3255 40 3264 ,
143 3193 285 3280 πειράζει
314 3193 350 3258 δὲ
379 3186 477 3268 adada
506 3188 635 3256 οὐδένα.
685 3192 815 3265 ἕκαστος
844 3189 880 3255 δὲ
908 3190 1090 3276 πειράζεται
1118 3187 1181 3256 ὑπὸ
1212 3195 1267 3277 τῆς

143 3319 230 3394 ἰδίας
253 3318 477 3401 ἐπιθυμίας
492 3315 698 3401 ἐξελκόμενος
714 3321 768 3379 καὶ
785 3315 1022 3400 δελεαζόμενος.
1055 3318 1124 3380 εἶτα
1139 3314 1158 3402 ἢ
1174 3315 1265 3380 ἔπι-

143 3447 276 3528 θυμία
306 3441 513 3525 συλλαβοῦσα
541 3446 636 3506 τίκτει
659 3439 878 3529 ἁμαρτίαν,
907 3434 927 3526 ἦ
953 3440 990 3504 δὲ
1013 3437 1158 3526 ἁμαρτία
1180 3436 1266 3506 cino-

142 3569 332 3634 τελεσθεῖσα
368 3565 503 3632 άποκόει
536 3563 734 3632 θάνατον.
785 3567 845 3631 En!
882 3589 983 3631 omnes
1019 3569 1263 3643 circumstantias,

143 3719 219 3784 quae
242 3696 358 3782 lapsum
380 3695 488 3760 Adami
512 3693 738 3759 comitabantur.
779 3687 825 3774 (3)
851 3691 911 3757 Sed
932 3714 1025 3780 pergo
1051 3695 1182 3759 evincere
1206 3691 1264 3760 So·

220 3970 238 4037 ¹)
264 3967 303 4021 Gi,
323 3971 396 4022 etiam
417 3965 652 4034 tueann.11,13:
671 3967 819 4034 νενικήκατε
838 3963 890 4021 τὸν
907 3967 1050 4039 πονηρόν
1068 3983 1125 4021 curn
1143 3965 1264 4021 lloann.

142 4067 175 4134 V,
189 4066 219 4120 t:
236 4067 292 4121 πάν
309 4063 336 4121 τό
354 4070 548 4140 γεγεννημένον
565 4068 594 4121 ἐκ
612 4067 655 4120 τοῦ
672 4066 739 4120 θεοῦ
756 4067 818 4140 νικᾷ
835 4063 888 4120 τὸν
906 4064 1038 4138 κόσμον.

219 4167 238 4233 ²)
262 4165 401 4231 Jacobum,
426 4183 506 4236 quum
530 4164 654 4219 voeabula
678 4164 805 4237 δαιμόνιοι
830 4161 944 4231 (ll,19)
970 4170 995 4216 et
1020 4161 1143 4232 διάβολος
1160 4159 1265 4234 (IV,7)

143 4263 255 4328 adhibet,
275 4262 398 4316 carnalem
417 4271 501 4318 tamen
520 4265 615 4334 peceati
635 4265 757 4336 originem
771 4261 914 4334 intelligere
927 4268 1029 4314 constat
1042 4278 1073 4315 ex
1092 4260 1144 4326 lll,
1159 4259 1201 4326 15,
1220 4262 1265 4316 ubi
1333 4326 1336 4330 ,
1369 4311 1370 4314 ,

145 4363 337 4434 conjunguntur
355 4371 476 4434 tanquam
495 4363 636 4434 praedicata
656 4361 723 4417 idem
743 4360 909 4434 significantia
927 4360 1051 4431 ἐπίγειος,
1073 4360 1185 4439 poposci,
1205 4361 1266 4416 dac-

143 4461 290 4531 μονιώάης,
310 4469 386 4532 atquc
406 4478 437 4516 cx
456 4458 532 4528 IV,7
551 4477 607 4516 eum
626 4460 720 4532 Ephcs.
733 4459 780 4527 IV,
793 4456 836 4515 27.
855 4459 930 4515 Rom.
943 4458 1009 4526 ΧΗ,
1023 4455 1057 4513 19
1076 4467 1230 4532 comparato.
