3172 5186
616 347 824 460 „³39-

156 564 236 626 enim
261 557 418 624 difficultas
442 557 520 622 ultro
551 557 690 635 elabitur,
722 561 747 620 si
770 579 887 622 versum
916 559 1074 643 septimum
1097 555 1200 624 Chore
1230 582 1278 624 as·

158 688 269 772 signas,
295 696 324 748 et
346 685 499 758 sententia,
524 695 559 747 ut
580 682 672 760 vides,
697 681 798 768 prodit
820 681 1042 767 simplicissima.

248 807 314 873 lam
331 830 402 872 vero
427 811 570 894 occupavi
592 806 651 872 fere
674 811 772 872 omnia
787 828 861 893 quae
878 805 914 870 de
928 809 1170 892 interpretatione
1186 809 1276 895 hujus

159 936 263 998 cantici
288 932 411 998 dicenda
433 945 531 1007 eranta
554 932 791 1020 necquidquam
814 944 914 1009 restat,
938 933 996 996 nisi
1020 943 1054 996 ut
1073 953 1207 998 moneam
1223 956 1277 999 vo-

158 1081 219 1124 cem
249 1063 363 1161 ΠᾨῚᾏξ
381 1080 421 1122 ·v.
442 1054 482 1121 14
510 1056 728 1144 intelligendam
756 1079 819 1122 asse
848 1056 884 1122 de
910 1058 1049 1121 interiore
1078 1058 1179 1144 palatii
1206 1081 1278 1124 con·

158 1183 247 1259 olavi,
279 1153 361 1270 quod
388 1181 545 1246 mulierum
574 1185 643 1246 usui
671 1183 848 1248 destinatum
871 1176 1005 1262 3333131.
1032 1179 1140 1270 1Reg.
1156 1183 1207 1259 Vl,
1227 1181 1277 1250 18.

158 1309 270 1395 2Reg.
287 1307 349 1384 Vll,
370 1302 433 1388 11).
462 1305 575 1370 Eodem
597 1307 689 1372 modo
714 1305 823 1374 Graeca
846 1309 955 1394 regina,
981 1328 1073 1393 quum
1096 1310 1128 1372 in
1145 1309 1276 1373 conclavi

158 1455 214 1498 suo
243 1432 324 1497 Deos
352 1444 525 1509 veneratur,
560 1432 635 1496 illud
664 1435 696 1496 in
722 1431 813 1518 μυχῷ
840 1443 958 1518 patrare
987 1430 1094 1498 dicitur
1122 1428 1274 1520 (Aeschyl.

156 1559 264 1646 Agam.
282 1554 340 1623 96:
368 1555 497 1642 πελάνῳ
524 1555 672 1639 μυχόθεν
699 1553 879 1643 βασιλε1ῳ);
909 1569 939 1622 et
963 1560 1040 1644 regis
1063 1557 1123 1622 filia
1146 1579 1276 1624 summae

156 1705 221 1749 esse
245 1682 438 1748 contumeliae
461 1681 557 1759 ducit,
588 1681 671 1769 quod
696 1680 800 1764 μυχοῦ
823 1679 981 1766 ἄφερκτος
1003 1695 1081 1746 esset
1101 1680 1276 1748 πολυσίνου

157 1802 254 1882 κυνὸς
277 1806 369 1892 δίκην
392 1802 446 1888 (ld.
464 1805 599 1893 Choeph.
617 1803 706 1888 440).
754 1804 800 1871 Cf.
825 1810 911 1871 ctiam
933 1807 1055 1872 Hesiod.
1103 1805 1160 1894 Op.
1185 1808 1272 1873 etl).

157 1930 223 2000 519
239 1955 305 2020 sqq.
328 1930 382 1996 ubi
405 1931 442 1996 dc
464 1931 586 1996 delicata
610 1932 767 2018 opulentae
790 1933 919 1997 mulieris
942 1932 1033 1998 filiola
1056 1955 1151 1998 sermo
1175 1947 1228 1998 est.

245 2058 280 2120 ln
308 2057 413 2122 ultimo
441 2079 531 2122 versu
557 2070 592 2121 ut
620 2061 652 2120 in
680 2062 805 2146 septimo
834 2081 896 2124 non
924 2080 1022 2148 regem
1051 2060 1104 2126 sed
1130 2059 1275 2126 dehoram

157 2181 320 2270 praedicari
344 2183 431 2250 docet
451 2185 515 2269 ipse
538 2195 706 2250 contextus.

458 2545 499 2612 IN
522 2542 732 2614 CANTlCUM
755 2543 971 2612 SEPTIMUM.

665 2697 770 2706 ...ᾳ

245 2807 509 2872 Demonstraturus
542 2805 665 2872 sublime
694 2805 752 2870 hoc
780 2826 894 2870 carmen
923 2805 990 2870 ideo
1019 2809 1217 2892 conscriptum
1246 2822 1275 2873 et

157 2945 307 2998 cantatum
330 2954 402 3011 csse,
428 2946 462 2996 ut
484 2930 656 2996 Solomonei
680 2931 781 3018 templi
805 2935 1068 3008 consecrationem,
1095 2930 1275 2998 Jasharanae

157 3059 302 3124 felicitatis
325 3057 439 3122 culmen
463 3069 493 3121 ct
513 3056 674 3144 fastigium,
701 3059 899 3134 comitaretur,
924 3056 960 3121 ab
984 3059 1050 3144 ipso
1069 3059 1174 3122 cantici
1190 3060 1273 3122 initio

156 3187 284 3271 primum
307 3195 512 3270 argumentum
535 3181 685 3249 deducam.
734 3180 843 3247 Omnes
867 3185 943 3246 enim
967 3181 1164 3246 observarunt
1186 3205 1275 3248 exor-

157 3308 239 3374 dium
262 3310 397 3374 carminis
420 3310 455 3372 iis
478 3310 552 3394 ipsis
575 3306 672 3372 verbis
700 3320 850 3384 constare,
881 3306 989 3394 quihus
1012 3307 1113 3373 Moses
1135 3310 1181 3372 uti
1204 3329 1275 3374 con·

156 3446 308 3511 sueverat,
340 3435 456 3519 quoties
485 3431 564 3497 Arca
593 3431 720 3498 loederis
749 3454 788 3495 ex
816 3453 878 3495 uno
907 3431 972 3496 loco
1001 3434 1033 3495 in
1061 3431 1151 3496 alium
1178 3445 1275 3498 trans-

156 3557 275 3623 ferenda
297 3571 375 3623 esset
390 3552 489 3640 (Num.
505 3557 545 3635 X,
563 3552 628 3640 35).
664 3554 748 3622 Unde
765 3555 922 3621 concludas
937 3577 1054 3621 necesse
1069 3569 1114 3621 est
1129 3560 1275 3622 canticum

156 3697 291 3749 nostrum
315 3682 353 3747 ad
377 3683 505 3769 aliquam
527 3703 626 3747 sacrae
656 3681 734 3746 illius
764 3685 853 3747 cistae
881 3681 1102 3747 translationem
1132 3695 1271 3768 spectare,

156 3830 210 3872 nee
231 3810 328 3895 primo
353 3807 462 3874 obtutu
489 3809 607 3894 rejicere
634 3829 740 3894 posses
770 3808 965 3895 complurium
987 3811 1181 3894 interpretum
1204 3829 1275 3873 con·

151 3935 311 4020 jecoram,
342 3934 399 3998 hoc
428 3953 543 3998 carmen
571 3955 635 3998 esse
662 3955 679 3997 a
702 3932 815 3999 Davide
839 3936 1037 4020 compositum
1060 3955 1097 3997 cx
1121 3935 1274 3998 occasione

155 4059 233 4125 illius
256 4059 464 4136 solemnitatis,
495 4080 554 4145 qua
584 4079 651 4122 area
679 4057 806 4124 foederis
830 4081 868 4124 ex
891 4056 1013 4124 aedibus
1037 4055 1220 4123 Obedcdomi
1242 4060 1275 4121 in

155 4207 251 4250 arcem
274 4184 469 4249 Tsioniticam
498 4182 536 4247 ad
562 4183 661 4248 locum
690 4185 716 4249 ei
742 4195 879 4270 paratum
905 4180 1114 4247 transferretur
1142 4176 1176 4262 (2
1192 4179 1273 4246 Sam.

156 4307 346 4396 Vl,12sqq.
373 4306 389 4374 1
410 4306 522 4374 Chron.
538 4303 621 4390 XV),
648 4313 820 4395 praesertim
843 4330 935 4396 quum
959 4310 1062 4373 cantici
1084 4306 1189 4370 titulus
1212 4305 1274 4370 Da·

155 4431 253 4500 videm
273 4446 415 4522 tanquam
437 4436 611 4522 scriptorem
633 4433 747 4521 alleget.
783 4432 845 4502 Sed
866 4455 903 4500 ne
927 4431 1021 4500 dicam
1042 4431 1121 4498 illam
1138 4429 1274 4498 Davidici
