<?xml version="1.0" encoding="UTF-8"?>
<!DOCTYPE html PUBLIC "-//W3C//DTD XHTML 1.0 Transitional//EN"
    "http://www.w3.org/TR/xhtml1/DTD/xhtml1-transitional.dtd">
<html xmlns="http://www.w3.org/1999/xhtml" xml:lang="en" lang="en">
 <head>
  <title>
</title>
<meta http-equiv="Content-Type" content="text/html;charset=utf-8" />
  <meta name='ocr-system' content='tesseract 3.04.00' />
  <meta name='ocr-capabilities' content='ocr_page ocr_carea ocr_par ocr_line ocrx_word'/>
</head>
<body>
  <div class='ocr_page' id='page_1' title='image "./jasharfragmenta00donagoog_0085.png"; bbox 0 0 3166 5178; ppageno 0'>
   <div class='ocr_carea' id='block_1_1' title="bbox 861 327 911 400">
    <p class='ocr_par' dir='ltr' id='par_1_1' title="bbox 861 327 911 400">
     <span class='ocr_line' id='line_1_1' title="bbox 861 327 911 400; baseline 0 0"><span class='ocrx_word' id='word_1_1' title='bbox 861 327 911 400; x_wconf 81' lang='grc'><strong>48</strong></span> 
     </span>
    </p>
   </div>
   <div class='ocr_carea' id='block_1_2' title="bbox 299 534 1443 3001">
    <p class='ocr_par' dir='ltr' id='par_1_2' title="bbox 330 534 1443 1501">
     <span class='ocr_line' id='line_1_2' title="bbox 332 534 1443 625; baseline 0.002 -25"><span class='ocrx_word' id='word_1_2' title='bbox 332 534 435 622; x_wconf 87' lang='lat' dir='ltr'><strong>plexos</strong></span> <span class='ocrx_word' id='word_1_3' title='bbox 463 557 541 614; x_wconf 88' lang='lat' dir='ltr'><strong>esse,</strong></span> <span class='ocrx_word' id='word_1_4' title='bbox 565 549 593 600; x_wconf 91' lang='lat' dir='ltr'><strong>et</strong></span> <span class='ocrx_word' id='word_1_5' title='bbox 616 541 698 625; x_wconf 88' lang='lat' dir='ltr'><strong>quasi</strong></span> <span class='ocrx_word' id='word_1_6' title='bbox 727 559 871 602; x_wconf 88' lang='lat' dir='ltr'><strong>summum</strong></span> <span class='ocrx_word' id='word_1_7' title='bbox 899 550 1050 624; x_wconf 86' lang='lat' dir='ltr'><strong>peccatum</strong></span> <span class='ocrx_word' id='word_1_8' title='bbox 1076 538 1143 602; x_wconf 90' lang='lat' dir='ltr'><strong>illuc</strong></span> <span class='ocrx_word' id='word_1_9' title='bbox 1171 538 1324 603; x_wconf 66' lang='lat' dir='ltr'><strong>renuisse.</strong></span> <span class='ocrx_word' id='word_1_10' title='bbox 1370 537 1443 602; x_wconf 86' lang='lat' dir='ltr'><strong>Non</strong></span> 
     </span>
     <span class='ocr_line' id='line_1_3' title="bbox 332 661 1442 750; baseline 0.003 -26"><span class='ocrx_word' id='word_1_11' title='bbox 332 663 420 747; x_wconf 90' lang='lat' dir='ltr'><strong>igitur</strong></span> <span class='ocrx_word' id='word_1_12' title='bbox 441 665 545 726; x_wconf 88' lang='lat' dir='ltr'><strong>mirum</strong></span> <span class='ocrx_word' id='word_1_13' title='bbox 561 661 656 739; x_wconf 78' lang='lat' dir='ltr'><strong>luent,</strong></span> <span class='ocrx_word' id='word_1_14' title='bbox 680 666 713 739; x_wconf 87' lang='lat' dir='ltr'><strong>si,</strong></span> <span class='ocrx_word' id='word_1_15' title='bbox 737 666 768 726; x_wconf 89' lang='lat' dir='ltr'><strong>in</strong></span> <span class='ocrx_word' id='word_1_16' title='bbox 788 667 926 750; x_wconf 84' lang='lat' dir='ltr'><strong>primaevi</strong></span> <span class='ocrx_word' id='word_1_17' title='bbox 946 666 1056 750; x_wconf 88' lang='lat' dir='ltr'><strong>peccati</strong></span> <span class='ocrx_word' id='word_1_18' title='bbox 1074 662 1271 740; x_wconf 76' lang='lat' dir='ltr'>delineatione,</span> <span class='ocrx_word' id='word_1_19' title='bbox 1288 663 1442 728; x_wconf 82' lang='lat' dir='ltr'><strong>Jchorista</strong></span> 
     </span>
     <span class='ocr_line' id='line_1_4' title="bbox 332 787 1440 878; baseline 0.004 -30"><span class='ocrx_word' id='word_1_20' title='bbox 332 797 432 850; x_wconf 85' lang='lat' dir='ltr'><strong>noster</strong></span> <span class='ocrx_word' id='word_1_21' title='bbox 453 787 572 850; x_wconf 81' lang='lat' dir='ltr'><strong>similem</strong></span> <span class='ocrx_word' id='word_1_22' title='bbox 600 790 805 873; x_wconf 69' lang='lat' dir='ltr'><strong>cogitationum</strong></span> <span class='ocrx_word' id='word_1_23' title='bbox 834 791 934 853; x_wconf 86' lang='lat' dir='ltr'><strong>seriem</strong></span> <span class='ocrx_word' id='word_1_24' title='bbox 958 789 1205 875; x_wconf 77' lang='lat' dir='ltr'><strong>conglutinaverit.</strong></span> <span class='ocrx_word' id='word_1_25' title='bbox 1250 789 1348 878; x_wconf 81' lang='lat' dir='ltr'><strong>Atque</strong></span> <span class='ocrx_word' id='word_1_26' title='bbox 1371 811 1440 853; x_wconf 82' lang='lat' dir='ltr'><strong>essm</strong></span> 
     </span>
     <span class='ocr_line' id='line_1_5' title="bbox 332 911 1440 1001; baseline 0.005 -29"><span class='ocrx_word' id='word_1_27' title='bbox 332 911 372 973; x_wconf 88' lang='lat' dir='ltr'><strong>ita</strong></span> <span class='ocrx_word' id='word_1_28' title='bbox 395 911 517 976; x_wconf 81' lang='lat' dir='ltr'><strong>volrrisse</strong></span> <span class='ocrx_word' id='word_1_29' title='bbox 540 935 578 976; x_wconf 83' lang='lat' dir='ltr'><strong>ex</strong></span> <span class='ocrx_word' id='word_1_30' title='bbox 604 935 777 1001; x_wconf 88' lang='lat' dir='ltr'><strong>unaquaque</strong></span> <span class='ocrx_word' id='word_1_31' title='bbox 799 917 971 978; x_wconf 78' lang='lat' dir='ltr'><strong>narrationis</strong></span> <span class='ocrx_word' id='word_1_32' title='bbox 998 915 1140 1000; x_wconf 87' lang='lat' dir='ltr'><strong>particula</strong></span> <span class='ocrx_word' id='word_1_33' title='bbox 1162 917 1231 978; x_wconf 86' lang='lat' dir='ltr'><strong>satis</strong></span> <span class='ocrx_word' id='word_1_34' title='bbox 1257 926 1346 1000; x_wconf 89' lang='lat' dir='ltr'><strong>patet.</strong></span> <span class='ocrx_word' id='word_1_35' title='bbox 1391 913 1440 978; x_wconf 86' lang='lat' dir='ltr'><strong>Ac</strong></span> 
     </span>
     <span class='ocr_line' id='line_1_6' title="bbox 331 1034 1437 1141; baseline 0.003 -41"><span class='ocrx_word' id='word_1_36' title='bbox 331 1038 456 1122; x_wconf 87' lang='lat' dir='ltr'><strong>primum</strong></span> <span class='ocrx_word' id='word_1_37' title='bbox 479 1038 594 1124; x_wconf 84' lang='lat' dir='ltr'><strong>quidem</strong></span> <span class='ocrx_word' id='word_1_38' title='bbox 610 1034 691 1141; x_wconf 57' lang='lat' dir='ltr'><strong>wll?</strong></span> <span class='ocrx_word' id='word_1_39' title='bbox 714 1039 760 1102; x_wconf 88' lang='lat' dir='ltr'><strong>ille</strong></span> <span class='ocrx_word' id='word_1_40' title='bbox 783 1041 842 1105; x_wconf 81' lang='lat' dir='ltr'><strong>sire</strong></span> <span class='ocrx_word' id='word_1_41' title='bbox 865 1058 992 1125; x_wconf 88' lang='lat' dir='ltr'><strong>serpens,</strong></span> <span class='ocrx_word' id='word_1_42' title='bbox 1017 1041 1067 1126; x_wconf 88' lang='lat' dir='ltr'><strong>qui</strong></span> <span class='ocrx_word' id='word_1_43' title='bbox 1087 1042 1245 1102; x_wconf 82' lang='lat' dir='ltr'><strong>incentivas</strong></span> <span class='ocrx_word' id='word_1_44' title='bbox 1266 1042 1353 1102; x_wconf 88' lang='lat' dir='ltr'><strong>struit</strong></span> <span class='ocrx_word' id='word_1_45' title='bbox 1367 1061 1437 1103; x_wconf 81' lang='lat' dir='ltr'><strong>mu·</strong></span> 
     </span>
     <span class='ocr_line' id='line_1_7' title="bbox 330 1161 1435 1250; baseline 0.002 -26"><span class='ocrx_word' id='word_1_46' title='bbox 330 1161 412 1242; x_wconf 72' lang='lat' dir='ltr'><strong>lissa&#39;,</strong></span> <span class='ocrx_word' id='word_1_47' title='bbox 436 1185 495 1226; x_wconf 92' lang='lat' dir='ltr'><strong>non</strong></span> <span class='ocrx_word' id='word_1_48' title='bbox 517 1163 597 1246; x_wconf 77' lang='lat' dir='ltr'><strong>ciro,</strong></span> <span class='ocrx_word' id='word_1_49' title='bbox 620 1162 754 1240; x_wconf 81' lang='lat' dir='ltr'><strong>insidias,</strong></span> <span class='ocrx_word' id='word_1_50' title='bbox 777 1163 933 1250; x_wconf 85' lang='lat' dir='ltr'><strong>phellicum</strong></span> <span class='ocrx_word' id='word_1_51' title='bbox 953 1162 1150 1228; x_wconf 86' lang='lat' dir='ltr'><strong>Baal-Peoris</strong></span> <span class='ocrx_word' id='word_1_52' title='bbox 1172 1166 1286 1250; x_wconf 89' lang='lat' dir='ltr'><strong>signum</strong></span> <span class='ocrx_word' id='word_1_53' title='bbox 1305 1163 1435 1227; x_wconf 81' lang='lat' dir='ltr'><strong>denotat</strong></span> 
     </span>
     <span class='ocr_line' id='line_1_8' title="bbox 331 1283 1436 1374; baseline 0.003 -25"><span class='ocrx_word' id='word_1_54' title='bbox 331 1283 446 1358; x_wconf 87' lang='lat' dir='ltr'><strong>Quanta</strong></span> <span class='ocrx_word' id='word_1_55' title='bbox 466 1289 578 1350; x_wconf 88' lang='lat' dir='ltr'><strong>intersit</strong></span> <span class='ocrx_word' id='word_1_56' title='bbox 603 1289 678 1352; x_wconf 89' lang='lat' dir='ltr'><strong>inter</strong></span> <span class='ocrx_word' id='word_1_57' title='bbox 699 1287 755 1351; x_wconf 89' lang='lat' dir='ltr'><strong>hcc</strong></span> <span class='ocrx_word' id='word_1_58' title='bbox 778 1291 892 1374; x_wconf 84' lang='lat' dir='ltr'><strong>signmn</strong></span> <span class='ocrx_word' id='word_1_59' title='bbox 915 1300 944 1352; x_wconf 87' lang='lat' dir='ltr'><strong>et</strong></span> <span class='ocrx_word' id='word_1_60' title='bbox 964 1291 1155 1374; x_wconf 71' lang='lat' dir='ltr'><strong>generationis</strong></span> <span class='ocrx_word' id='word_1_61' title='bbox 1178 1309 1308 1373; x_wconf 83' lang='lat' dir='ltr'><strong>organon</strong></span> <span class='ocrx_word' id='word_1_62' title='bbox 1336 1289 1436 1352; x_wconf 89' lang='lat' dir='ltr'><strong>simili-</strong></span> 
     </span>
     <span class='ocr_line' id='line_1_9' title="bbox 330 1405 1436 1501; baseline 0.004 -28"><span class='ocrx_word' id='word_1_63' title='bbox 330 1409 417 1488; x_wconf 89' lang='lat' dir='ltr'><strong>tudo,</strong></span> <span class='ocrx_word' id='word_1_64' title='bbox 446 1434 506 1476; x_wconf 90' lang='lat' dir='ltr'><strong>non</strong></span> <span class='ocrx_word' id='word_1_65' title='bbox 532 1405 607 1498; x_wconf 86' lang='lat' dir='ltr'><strong>opus</strong></span> <span class='ocrx_word' id='word_1_66' title='bbox 635 1425 679 1476; x_wconf 90' lang='lat' dir='ltr'><strong>est</strong></span> <span class='ocrx_word' id='word_1_67' title='bbox 706 1425 743 1477; x_wconf 51' lang='lat' dir='ltr'><strong>ut¹</strong></span> <span class='ocrx_word' id='word_1_68' title='bbox 769 1412 861 1478; x_wconf 83' lang='lat' dir='ltr'><strong>fusius</strong></span> <span class='ocrx_word' id='word_1_69' title='bbox 888 1435 1041 1501; x_wconf 83' lang='lat' dir='ltr'><strong>exponam.</strong></span> <span class='ocrx_word' id='word_1_70' title='bbox 1092 1412 1260 1500; x_wconf 85' lang='lat' dir='ltr'><strong>Elephantis</strong></span> <span class='ocrx_word' id='word_1_71' title='bbox 1287 1413 1436 1500; x_wconf 88' lang='lat' dir='ltr'><strong>epitheton</strong></span> 
     </span>
    </p>

    <p class='ocr_par' dir='ltr' id='par_1_3' title="bbox 299 1537 1435 3001">
     <span class='ocr_line' id='line_1_10' title="bbox 329 1537 1434 1627; baseline 0.003 -27"><span class='ocrx_word' id='word_1_72' title='bbox 329 1537 556 1621; x_wconf 76' lang='lat' dir='ltr'><strong>sapui-moaus,</strong></span> <span class='ocrx_word' id='word_1_73' title='bbox 582 1537 661 1624; x_wconf 87' lang='lat' dir='ltr'><strong>quod</strong></span> <span class='ocrx_word' id='word_1_74' title='bbox 682 1538 837 1625; x_wconf 87' lang='lat' dir='ltr'><strong>pendulam</strong></span> <span class='ocrx_word' id='word_1_75' title='bbox 859 1539 1038 1627; x_wconf 89' lang='lat' dir='ltr'><strong>plerumque,</strong></span> <span class='ocrx_word' id='word_1_76' title='bbox 1062 1539 1122 1616; x_wconf 89' lang='lat' dir='ltr'><strong>sed,</strong></span> <span class='ocrx_word' id='word_1_77' title='bbox 1146 1542 1170 1606; x_wconf 89' lang='lat' dir='ltr'><strong>si</strong></span> <span class='ocrx_word' id='word_1_78' title='bbox 1192 1561 1267 1626; x_wconf 90' lang='lat' dir='ltr'><strong>opus</strong></span> <span class='ocrx_word' id='word_1_79' title='bbox 1294 1551 1345 1616; x_wconf 89' lang='lat' dir='ltr'><strong>est,</strong></span> <span class='ocrx_word' id='word_1_80' title='bbox 1371 1561 1434 1603; x_wconf 89' lang='lat' dir='ltr'><strong>ere·</strong></span> 
     </span>
     <span class='ocr_line' id='line_1_11' title="bbox 299 1638 1435 1751; baseline 0.003 -27"><span class='ocrx_word' id='word_1_81' title='bbox 299 1638 300 1642; x_wconf 16' lang='lat'>¹</span> <span class='ocrx_word' id='word_1_82' title='bbox 329 1673 404 1724; x_wconf 90' lang='lat' dir='ltr'><strong>ctam</strong></span> <span class='ocrx_word' id='word_1_83' title='bbox 429 1661 647 1751; x_wconf 84' lang='lat' dir='ltr'><strong>vibrantemque</strong></span> <span class='ocrx_word' id='word_1_84' title='bbox 676 1666 758 1728; x_wconf 89' lang='lat' dir='ltr'><strong>istius</strong></span> <span class='ocrx_word' id='word_1_85' title='bbox 786 1663 898 1728; x_wconf 87' lang='lat' dir='ltr'><strong>belluae</strong></span> <span class='ocrx_word' id='word_1_86' title='bbox 925 1663 1128 1750; x_wconf 86' lang='lat' dir='ltr'><strong>proboscidem</strong></span> <span class='ocrx_word' id='word_1_87' title='bbox 1155 1663 1299 1750; x_wconf 78' lang='lat' dir='ltr'><strong>designat,</strong></span> <span class='ocrx_word' id='word_1_88' title='bbox 1322 1685 1376 1750; x_wconf 90' lang='lat' dir='ltr'><strong>per</strong></span> <span class='ocrx_word' id='word_1_89' title='bbox 1403 1685 1435 1728; x_wconf 89' lang='lat' dir='ltr'><strong>se</strong></span> 
     </span>
     <span class='ocr_line' id='line_1_12' title="bbox 329 1785 1434 1876; baseline 0.002 -26"><span class='ocrx_word' id='word_1_90' title='bbox 329 1785 436 1851; x_wconf 89' lang='lat' dir='ltr'><strong>sufficit</strong></span> <span class='ocrx_word' id='word_1_91' title='bbox 457 1787 495 1851; x_wconf 87' lang='lat' dir='ltr'><strong>ad</strong></span> <span class='ocrx_word' id='word_1_92' title='bbox 516 1791 669 1874; x_wconf 82' lang='lat' dir='ltr'><strong>imaginem</strong></span> <span class='ocrx_word' id='word_1_93' title='bbox 692 1789 899 1875; x_wconf 80' lang='lat' dir='ltr'><strong>explicandam.</strong></span> <span class='ocrx_word' id='word_1_94' title='bbox 945 1789 1112 1866; x_wconf 87' lang='lat' dir='ltr'><strong>Praeterea,</strong></span> <span class='ocrx_word' id='word_1_95' title='bbox 1137 1789 1216 1876; x_wconf 90' lang='lat' dir='ltr'><strong>apud</strong></span> <span class='ocrx_word' id='word_1_96' title='bbox 1238 1796 1348 1854; x_wconf 86' lang='lat' dir='ltr'><strong>veteres</strong></span> <span class='ocrx_word' id='word_1_97' title='bbox 1370 1788 1434 1875; x_wconf 92' lang='lat' dir='ltr'><strong>ple·</strong></span> 
     </span>
     <span class='ocr_line' id='line_1_13' title="bbox 328 1913 1433 2002; baseline 0.002 -26"><span class='ocrx_word' id='word_1_98' title='bbox 328 1933 434 1998; x_wconf 88' lang='lat' dir='ltr'><strong>rosque</strong></span> <span class='ocrx_word' id='word_1_99' title='bbox 457 1933 576 1998; x_wconf 83' lang='lat' dir='ltr'><strong>serpens</strong></span> <span class='ocrx_word' id='word_1_100' title='bbox 599 1925 643 1976; x_wconf 90' lang='lat' dir='ltr'><strong>cst</strong></span> <span class='ocrx_word' id='word_1_101' title='bbox 656 1916 732 1976; x_wconf 72' lang='lat' dir='ltr'><strong>sitae</strong></span> <span class='ocrx_word' id='word_1_102' title='bbox 756 1913 930 2001; x_wconf 76' lang='lat' dir='ltr'><strong>symbolum,</strong></span> <span class='ocrx_word' id='word_1_103' title='bbox 954 1927 983 1979; x_wconf 90' lang='lat' dir='ltr'><strong>et</strong></span> <span class='ocrx_word' id='word_1_104' title='bbox 1003 1919 1033 1978; x_wconf 93' lang='lat' dir='ltr'><strong>in</strong></span> <span class='ocrx_word' id='word_1_105' title='bbox 1055 1936 1168 2002; x_wconf 90' lang='lat' dir='ltr'><strong>gemma</strong></span> <span class='ocrx_word' id='word_1_106' title='bbox 1189 1915 1333 2000; x_wconf 85' lang='lat' dir='ltr'><strong>insculpta</strong></span> <span class='ocrx_word' id='word_1_107' title='bbox 1355 1913 1433 2000; x_wconf 87' lang='lat' dir='ltr'><strong>apud</strong></span> 
     </span>
     <span class='ocr_line' id='line_1_14' title="bbox 327 2032 1431 2126; baseline 0.001 -24"><span class='ocrx_word' id='word_1_108' title='bbox 327 2036 499 2121; x_wconf 80' lang='lat' dir='ltr'><strong>Krightium</strong></span> <span class='ocrx_word' id='word_1_109' title='bbox 516 2032 574 2119; x_wconf 90' lang='lat' dir='ltr'><strong>(On</strong></span> <span class='ocrx_word' id='word_1_110' title='bbox 589 2037 638 2100; x_wconf 87' lang='lat' dir='ltr'><strong>the</strong></span> <span class='ocrx_word' id='word_1_111' title='bbox 653 2037 784 2124; x_wconf 87' lang='lat' dir='ltr'><strong>worship</strong></span> <span class='ocrx_word' id='word_1_112' title='bbox 799 2037 834 2103; x_wconf 86' lang='lat' dir='ltr'><strong>of</strong></span> <span class='ocrx_word' id='word_1_113' title='bbox 851 2039 974 2126; x_wconf 84' lang='lat' dir='ltr'><strong>Priapus</strong></span> <span class='ocrx_word' id='word_1_114' title='bbox 988 2061 1018 2126; x_wconf 94' lang='lat' dir='ltr'><strong>p.</strong></span> <span class='ocrx_word' id='word_1_115' title='bbox 1034 2038 1084 2102; x_wconf 80' lang='lat'><strong>19.</strong></span> <span class='ocrx_word' id='word_1_116' title='bbox 1107 2039 1152 2103; x_wconf 89' lang='grc' dir='ltr'><strong>ΡΙ.</strong></span> <span class='ocrx_word' id='word_1_117' title='bbox 1165 2035 1206 2120; x_wconf 85' lang='lat' dir='ltr'><strong>V)</strong></span> <span class='ocrx_word' id='word_1_118' title='bbox 1230 2061 1346 2125; x_wconf 85' lang='lat' dir='ltr'><strong>serpens</strong></span> <span class='ocrx_word' id='word_1_119' title='bbox 1370 2061 1431 2103; x_wconf 89' lang='lat' dir='ltr'><strong>ere-</strong></span> 
     </span>
     <span class='ocr_line' id='line_1_15' title="bbox 328 2158 1432 2251; baseline 0.002 -25"><span class='ocrx_word' id='word_1_120' title='bbox 328 2175 392 2226; x_wconf 90' lang='lat' dir='ltr'><strong>ctus</strong></span> <span class='ocrx_word' id='word_1_121' title='bbox 414 2161 636 2248; x_wconf 87' lang='lat' dir='ltr'><strong>ithyphallicum</strong></span> <span class='ocrx_word' id='word_1_122' title='bbox 659 2165 773 2248; x_wconf 84' lang='lat' dir='ltr'><strong>signum</strong></span> <span class='ocrx_word' id='word_1_123' title='bbox 796 2158 971 2250; x_wconf 83' lang='lat' dir='ltr'><strong>depingit¹).</strong></span> <span class='ocrx_word' id='word_1_124' title='bbox 1011 2163 1050 2227; x_wconf 78' lang='lat' dir='ltr'><strong>ht</strong></span> <span class='ocrx_word' id='word_1_125' title='bbox 1072 2167 1121 2251; x_wconf 74' lang='lat' dir='ltr'><strong>apri</strong></span> <span class='ocrx_word' id='word_1_126' title='bbox 1143 2163 1180 2228; x_wconf 88' lang='lat' dir='ltr'><strong>ad</strong></span> <span class='ocrx_word' id='word_1_127' title='bbox 1203 2162 1359 2228; x_wconf 83' lang='lat' dir='ltr'><strong>diabolicas</strong></span> <span class='ocrx_word' id='word_1_128' title='bbox 1381 2187 1432 2228; x_wconf 92' lang='lat' dir='ltr'><strong>ne·</strong></span> 
     </span>
     <span class='ocr_line' id='line_1_16' title="bbox 328 2287 1433 2375; baseline 0.001 -24"><span class='ocrx_word' id='word_1_129' title='bbox 328 2289 387 2351; x_wconf 92' lang='lat' dir='ltr'><strong>scio</strong></span> <span class='ocrx_word' id='word_1_130' title='bbox 411 2309 483 2375; x_wconf 85' lang='lat' dir='ltr'><strong>quas</strong></span> <span class='ocrx_word' id='word_1_131' title='bbox 505 2287 731 2352; x_wconf 83' lang='lat' dir='ltr'><strong>machinationes</strong></span> <span class='ocrx_word' id='word_1_132' title='bbox 755 2301 858 2355; x_wconf 82' lang='lat' dir='ltr'><strong>cuncta</strong></span> <span class='ocrx_word' id='word_1_133' title='bbox 880 2288 1030 2354; x_wconf 88' lang='lat' dir='ltr'><strong>referenda</strong></span> <span class='ocrx_word' id='word_1_134' title='bbox 1053 2299 1178 2364; x_wconf 88' lang='lat' dir='ltr'><strong>censent,</strong></span> <span class='ocrx_word' id='word_1_135' title='bbox 1201 2291 1221 2351; x_wconf 94' lang='lat' dir='ltr'><strong>ii</strong></span> <span class='ocrx_word' id='word_1_136' title='bbox 1246 2311 1305 2352; x_wconf 90' lang='lat' dir='ltr'><strong>non</strong></span> <span class='ocrx_word' id='word_1_137' title='bbox 1325 2287 1433 2352; x_wconf 91' lang='lat' dir='ltr'><strong>debent</strong></span> 
     </span>
     <span class='ocr_line' id='line_1_17' title="bbox 327 2411 1432 2501; baseline 0 -25"><span class='ocrx_word' id='word_1_138' title='bbox 327 2411 457 2477; x_wconf 83' lang='lat' dir='ltr'><strong>oblivisci</strong></span> <span class='ocrx_word' id='word_1_139' title='bbox 477 2413 625 2499; x_wconf 83' lang='lat' dir='ltr'><strong>Priapum,</strong></span> <span class='ocrx_word' id='word_1_140' title='bbox 649 2435 735 2501; x_wconf 63' lang='grc' dir='ltr'>ιιιιοιιι</span> <span class='ocrx_word' id='word_1_141' title='bbox 750 2413 868 2496; x_wconf 79' lang='grc' dir='ltr'><strong><em>κόσμον</em></strong></span> <span class='ocrx_word' id='word_1_142' title='bbox 889 2413 1033 2478; x_wconf 86' lang='lat' dir='ltr'><strong>vocabant</strong></span> <span class='ocrx_word' id='word_1_143' title='bbox 1054 2426 1174 2490; x_wconf 85' lang='lat' dir='ltr'><strong>veteres,</strong></span> <span class='ocrx_word' id='word_1_144' title='bbox 1199 2413 1314 2477; x_wconf 89' lang='lat' dir='ltr'><strong>easdem</strong></span> <span class='ocrx_word' id='word_1_145' title='bbox 1333 2425 1432 2499; x_wconf 87' lang='lat' dir='ltr'><strong>partes</strong></span> 
     </span>
     <span class='ocr_line' id='line_1_18' title="bbox 326 2521 1432 2626; baseline 0 -26"><span class='ocrx_word' id='word_1_146' title='bbox 326 2521 467 2602; x_wconf 83' lang='lat' dir='ltr'><strong>sustinere</strong></span> <span class='ocrx_word' id='word_1_147' title='bbox 490 2550 577 2625; x_wconf 88' lang='lat' dir='ltr'><strong>atque</strong></span> <span class='ocrx_word' id='word_1_148' title='bbox 592 2535 700 2620; x_wconf 79' lang='grc' dir='ltr'><strong><em>ἄρχων</em></strong></span> <span class='ocrx_word' id='word_1_149' title='bbox 721 2542 775 2602; x_wconf 90' lang='lat' dir='ltr'><strong>iste</strong></span> <span class='ocrx_word' id='word_1_150' title='bbox 791 2539 1023 2622; x_wconf 76' lang='lat' dir='ltr'><strong>acopoaodscop,</strong></span> <span class='ocrx_word' id='word_1_151' title='bbox 1046 2558 1131 2626; x_wconf 87' lang='lat' dir='ltr'><strong>quem</strong></span> <span class='ocrx_word' id='word_1_152' title='bbox 1153 2541 1264 2625; x_wconf 88' lang='lat' dir='ltr'><strong>peccati</strong></span> <span class='ocrx_word' id='word_1_153' title='bbox 1286 2550 1432 2602; x_wconf 84' lang='lat' dir='ltr'><strong>auctorem</strong></span> 
     </span>
     <span class='ocr_line' id='line_1_19' title="bbox 324 2662 1430 2752; baseline -0.001 -26"><span class='ocrx_word' id='word_1_154' title='bbox 324 2662 486 2749; x_wconf 89' lang='lat' dir='ltr'><strong>perhibent.</strong></span> <span class='ocrx_word' id='word_1_155' title='bbox 515 2662 635 2740; x_wconf 89' lang='lat' dir='ltr'><strong>Deinde,</strong></span> <span class='ocrx_word' id='word_1_156' title='bbox 660 2663 824 2728; x_wconf 88' lang='lat' dir='ltr'><strong>facillimum</strong></span> <span class='ocrx_word' id='word_1_157' title='bbox 848 2676 893 2728; x_wconf 90' lang='lat' dir='ltr'><strong>est</strong></span> <span class='ocrx_word' id='word_1_158' title='bbox 912 2665 1079 2750; x_wconf 88' lang='lat' dir='ltr'><strong>intelligere,</strong></span> <span class='ocrx_word' id='word_1_159' title='bbox 1096 2662 1339 2752; x_wconf 84' lang='lat' dir='ltr'><strong>quemadmodum</strong></span> <span class='ocrx_word' id='word_1_160' title='bbox 1361 2685 1430 2726; x_wconf 92' lang='lat' dir='ltr'><strong>con-</strong></span> 
     </span>
     <span class='ocr_line' id='line_1_20' title="bbox 326 2787 1432 2874; baseline 0 -24"><span class='ocrx_word' id='word_1_161' title='bbox 326 2800 442 2873; x_wconf 88' lang='lat' dir='ltr'><strong>spectus</strong></span> <span class='ocrx_word' id='word_1_162' title='bbox 476 2791 538 2872; x_wconf 89' lang='lat' dir='ltr'><strong>ipse</strong></span> <span class='ocrx_word' id='word_1_163' title='bbox 568 2788 684 2874; x_wconf 89' lang='lat' dir='ltr'><strong>phallici</strong></span> <span class='ocrx_word' id='word_1_164' title='bbox 713 2792 853 2874; x_wconf 86' lang='lat' dir='ltr'><strong>serpentis</strong></span> <span class='ocrx_word' id='word_1_165' title='bbox 884 2791 913 2852; x_wconf 94' lang='lat' dir='ltr'><strong>in</strong></span> <span class='ocrx_word' id='word_1_166' title='bbox 943 2789 1061 2854; x_wconf 89' lang='lat' dir='ltr'><strong>muliere</strong></span> <span class='ocrx_word' id='word_1_167' title='bbox 1088 2792 1199 2874; x_wconf 90' lang='lat' dir='ltr'><strong>peccati</strong></span> <span class='ocrx_word' id='word_1_168' title='bbox 1230 2787 1369 2874; x_wconf 89' lang='lat' dir='ltr'><strong>igniculos</strong></span> <span class='ocrx_word' id='word_1_169' title='bbox 1403 2799 1432 2850; x_wconf 90' lang='lat' dir='ltr'><strong>et</strong></span> 
     </span>
     <span class='ocr_line' id='line_1_21' title="bbox 324 2911 1430 3001; baseline 0 -25"><span class='ocrx_word' id='word_1_170' title='bbox 324 2914 423 2998; x_wconf 85' lang='lat' dir='ltr'><strong>ignota</strong></span> <span class='ocrx_word' id='word_1_171' title='bbox 444 2911 638 2998; x_wconf 89' lang='lat' dir='ltr'><strong>cognoscendi</strong></span> <span class='ocrx_word' id='word_1_172' title='bbox 660 2913 788 2977; x_wconf 77' lang='lat' dir='ltr'><strong>sardium</strong></span> <span class='ocrx_word' id='word_1_173' title='bbox 810 2917 949 2977; x_wconf 87' lang='lat' dir='ltr'><strong>suscitare</strong></span> <span class='ocrx_word' id='word_1_174' title='bbox 970 2926 1079 3000; x_wconf 91' lang='lat' dir='ltr'><strong>posset,</strong></span> <span class='ocrx_word' id='word_1_175' title='bbox 1096 2933 1169 3001; x_wconf 85' lang='lat' dir='ltr'><strong>quae</strong></span> <span class='ocrx_word' id='word_1_176' title='bbox 1192 2917 1223 2976; x_wconf 90' lang='lat' dir='ltr'><strong>in</strong></span> <span class='ocrx_word' id='word_1_177' title='bbox 1236 2916 1356 2976; x_wconf 71' lang='lat' dir='ltr'><strong>vetiturm</strong></span> <span class='ocrx_word' id='word_1_178' title='bbox 1377 2933 1430 2997; x_wconf 86' lang='lat' dir='ltr'><strong>ap-</strong></span> 
     </span>
    </p>
   </div>
   <div class='ocr_carea' id='block_1_3' title="bbox 323 3024 1430 3141">
    <p class='ocr_par' dir='ltr' id='par_1_4' title="bbox 323 3024 1430 3141">
     <span class='ocr_line' id='line_1_22' title="bbox 323 3024 1430 3141; baseline 0.001 -41"><span class='ocrx_word' id='word_1_179' title='bbox 323 3040 446 3123; x_wconf 88' lang='lat' dir='ltr'><strong>petitum</strong></span> <span class='ocrx_word' id='word_1_180' title='bbox 458 3024 586 3101; x_wconf 47' lang='lat' dir='ltr'><strong>&#39;inducta</strong></span> <span class='ocrx_word' id='word_1_181' title='bbox 608 3041 671 3102; x_wconf 88' lang='lat' dir='ltr'><strong>viro</strong></span> <span class='ocrx_word' id='word_1_182' title='bbox 693 3041 838 3125; x_wconf 88' lang='lat' dir='ltr'><strong>persuasit</strong></span> <span class='ocrx_word' id='word_1_183' title='bbox 859 3050 894 3102; x_wconf 87' lang='lat' dir='ltr'><strong>ut</strong></span> <span class='ocrx_word' id='word_1_184' title='bbox 912 3061 977 3134; x_wconf 74' lang='lat' dir='ltr'><strong>aaa</strong></span> <span class='ocrx_word' id='word_1_185' title='bbox 998 3061 1065 3104; x_wconf 82' lang='lat' dir='ltr'><strong>caua</strong></span> <span class='ocrx_word' id='word_1_186' title='bbox 1085 3040 1154 3125; x_wconf 70' lang='lat' dir='ltr'><strong>apsa</strong></span> <span class='ocrx_word' id='word_1_187' title='bbox 1174 3032 1282 3141; x_wconf 50' lang='lat' dir='ltr'><strong>(eliphi)</strong></span> <span class='ocrx_word' id='word_1_188' title='bbox 1305 3037 1430 3102; x_wconf 84' lang='lat' dir='ltr'><strong>fructum</strong></span> 
     </span>
    </p>
   </div>
   <div class='ocr_carea' id='block_1_4' title="bbox 321 3162 1434 3878">
    <p class='ocr_par' dir='ltr' id='par_1_5' title="bbox 321 3162 1434 3878">
     <span class='ocr_line' id='line_1_23' title="bbox 324 3162 1434 3250; baseline 0.001 -25"><span class='ocrx_word' id='word_1_189' title='bbox 324 3162 425 3226; x_wconf 89' lang='lat' dir='ltr'><strong>aDeo</strong></span> <span class='ocrx_word' id='word_1_190' title='bbox 450 3162 622 3250; x_wconf 87' lang='lat' dir='ltr'><strong>denegatum</strong></span> <span class='ocrx_word' id='word_1_191' title='bbox 645 3163 817 3228; x_wconf 87' lang='lat' dir='ltr'><strong>comederet.</strong></span> <span class='ocrx_word' id='word_1_192' title='bbox 860 3163 956 3238; x_wconf 87' lang='lat' dir='ltr'><strong>Quum</strong></span> <span class='ocrx_word' id='word_1_193' title='bbox 977 3167 1066 3250; x_wconf 87' lang='lat' dir='ltr'><strong>igitur</strong></span> <span class='ocrx_word' id='word_1_194' title='bbox 1088 3165 1279 3248; x_wconf 63' lang='lat' dir='ltr'><strong>consensum,</strong></span> <span class='ocrx_word' id='word_1_195' title='bbox 1303 3185 1362 3226; x_wconf 89' lang='lat' dir='ltr'><strong>non</strong></span> <span class='ocrx_word' id='word_1_196' title='bbox 1383 3179 1434 3226; x_wconf 64' lang='lat' dir='ltr'><strong>ee·</strong></span> 
     </span>
     <span class='ocr_line' id='line_1_24' title="bbox 323 3287 1430 3376; baseline 0 -24"><span class='ocrx_word' id='word_1_197' title='bbox 323 3289 425 3370; x_wconf 65' lang='lat' dir='ltr'><strong>maim,</strong></span> <span class='ocrx_word' id='word_1_198' title='bbox 449 3292 594 3364; x_wconf 89' lang='lat' dir='ltr'><strong>esitarcnt,</strong></span> <span class='ocrx_word' id='word_1_199' title='bbox 619 3287 656 3352; x_wconf 92' lang='lat' dir='ltr'><strong>ad</strong></span> <span class='ocrx_word' id='word_1_200' title='bbox 678 3301 809 3352; x_wconf 88' lang='lat' dir='ltr'><strong>mutuam</strong></span> <span class='ocrx_word' id='word_1_201' title='bbox 824 3289 969 3376; x_wconf 86' lang='lat' dir='ltr'><strong>quandam</strong></span> <span class='ocrx_word' id='word_1_202' title='bbox 991 3292 1186 3376; x_wconf 88' lang='lat' dir='ltr'><strong>operationem</strong></span> <span class='ocrx_word' id='word_1_203' title='bbox 1208 3291 1324 3374; x_wconf 89' lang='lat' dir='ltr'><strong>respicit</strong></span> <span class='ocrx_word' id='word_1_204' title='bbox 1344 3299 1430 3374; x_wconf 87' lang='lat' dir='ltr'><strong>pocta</strong></span> 
     </span>
     <span class='ocr_line' id='line_1_25' title="bbox 323 3412 1430 3500; baseline 0 -24"><span class='ocrx_word' id='word_1_205' title='bbox 323 3425 430 3477; x_wconf 87' lang='lat' dir='ltr'><strong>noster.</strong></span> <span class='ocrx_word' id='word_1_206' title='bbox 477 3412 542 3477; x_wconf 84' lang='lat' dir='ltr'><strong>lam</strong></span> <span class='ocrx_word' id='word_1_207' title='bbox 565 3435 634 3477; x_wconf 91' lang='lat' dir='ltr'><strong>vero</strong></span> <span class='ocrx_word' id='word_1_208' title='bbox 663 3414 819 3500; x_wconf 88' lang='lat' dir='ltr'><strong>simplicem</strong></span> <span class='ocrx_word' id='word_1_209' title='bbox 850 3413 952 3478; x_wconf 89' lang='lat' dir='ltr'><strong>edendi</strong></span> <span class='ocrx_word' id='word_1_210' title='bbox 980 3417 1121 3478; x_wconf 89' lang='lat' dir='ltr'><strong>actionem</strong></span> <span class='ocrx_word' id='word_1_211' title='bbox 1150 3416 1348 3500; x_wconf 87' lang='lat' dir='ltr'><strong>unusquisque</strong></span> <span class='ocrx_word' id='word_1_212' title='bbox 1376 3434 1430 3498; x_wconf 87' lang='lat' dir='ltr'><strong>pro</strong></span> 
     </span>
     <span class='ocr_line' id='line_1_26' title="bbox 323 3537 1431 3626; baseline -0.001 -25"><span class='ocrx_word' id='word_1_213' title='bbox 323 3560 353 3601; x_wconf 86' lang='lat' dir='ltr'><strong>se</strong></span> <span class='ocrx_word' id='word_1_214' title='bbox 376 3538 516 3615; x_wconf 71' lang='lat' dir='ltr'><strong>absolsit3</strong></span> <span class='ocrx_word' id='word_1_215' title='bbox 539 3561 633 3626; x_wconf 87' lang='lat' dir='ltr'><strong>neque</strong></span> <span class='ocrx_word' id='word_1_216' title='bbox 655 3537 715 3602; x_wconf 88' lang='lat' dir='ltr'><strong>ulla</strong></span> <span class='ocrx_word' id='word_1_217' title='bbox 738 3539 793 3602; x_wconf 87' lang='lat' dir='ltr'><strong>alia</strong></span> <span class='ocrx_word' id='word_1_218' title='bbox 815 3551 917 3603; x_wconf 89' lang='lat' dir='ltr'><strong>mutua</strong></span> <span class='ocrx_word' id='word_1_219' title='bbox 946 3552 990 3602; x_wconf 90' lang='lat' dir='ltr'><strong>est</strong></span> <span class='ocrx_word' id='word_1_220' title='bbox 1012 3542 1157 3626; x_wconf 86' lang='lat' dir='ltr'><strong>appetitus</strong></span> <span class='ocrx_word' id='word_1_221' title='bbox 1181 3538 1293 3614; x_wconf 87' lang='lat' dir='ltr'><strong>fruitio,</strong></span> <span class='ocrx_word' id='word_1_222' title='bbox 1316 3550 1431 3624; x_wconf 82' lang='lat' dir='ltr'><strong>practer</strong></span> 
     </span>
     <span class='ocr_line' id='line_1_27' title="bbox 323 3661 1428 3752; baseline 0 -26"><span class='ocrx_word' id='word_1_223' title='bbox 323 3683 400 3738; x_wconf 87' lang='lat' dir='ltr'><strong>eam,</strong></span> <span class='ocrx_word' id='word_1_224' title='bbox 425 3663 571 3752; x_wconf 89' lang='lat' dir='ltr'><strong>adquam</strong></span> <span class='ocrx_word' id='word_1_225' title='bbox 600 3666 695 3727; x_wconf 89' lang='lat' dir='ltr'><strong>omnia</strong></span> <span class='ocrx_word' id='word_1_226' title='bbox 718 3664 765 3727; x_wconf 94' lang='lat' dir='ltr'><strong>hic</strong></span> <span class='ocrx_word' id='word_1_227' title='bbox 792 3667 951 3750; x_wconf 88' lang='lat' dir='ltr'><strong>pertinent,</strong></span> <span class='ocrx_word' id='word_1_228' title='bbox 976 3685 1093 3752; x_wconf 89' lang='lat' dir='ltr'><strong>nempe,</strong></span> <span class='ocrx_word' id='word_1_229' title='bbox 1118 3663 1265 3728; x_wconf 88' lang='lat' dir='ltr'><strong>sexualem</strong></span> <span class='ocrx_word' id='word_1_230' title='bbox 1287 3665 1341 3726; x_wconf 86' lang='lat' dir='ltr'><strong>viri</strong></span> <span class='ocrx_word' id='word_1_231' title='bbox 1368 3661 1428 3726; x_wconf 87' lang='lat' dir='ltr'><strong>foe·</strong></span> 
     </span>
     <span class='ocr_line' id='line_1_28' title="bbox 321 3779 1428 3878; baseline -0.003 -26"><span class='ocrx_word' id='word_1_232' title='bbox 321 3790 471 3876; x_wconf 87' lang='lat' dir='ltr'><strong>minaequc</strong></span> <span class='ocrx_word' id='word_1_233' title='bbox 495 3791 616 3865; x_wconf 88' lang='lat' dir='ltr'><strong>coitum,</strong></span> <span class='ocrx_word' id='word_1_234' title='bbox 647 3779 667 3878; x_wconf 79' lang='grc' dir='ltr'><strong><em>ᾗ</em></strong></span> <span class='ocrx_word' id='word_1_235' title='bbox 690 3791 785 3871; x_wconf 77' lang='grc' dir='ltr'>θέμις</span> <span class='ocrx_word' id='word_1_236' title='bbox 808 3785 994 3872; x_wconf 72' lang='grc' dir='ltr'><strong>ἀνθρώπων</strong></span> <span class='ocrx_word' id='word_1_237' title='bbox 1016 3785 1117 3864; x_wconf 69' lang='grc' dir='ltr'><strong>πέλει,</strong></span> <span class='ocrx_word' id='word_1_238' title='bbox 1140 3784 1269 3872; x_wconf 75' lang='grc' dir='ltr'><em>ἀνδρῶν</em></span> <span class='ocrx_word' id='word_1_239' title='bbox 1292 3784 1348 3872; x_wconf 71' lang='grc' dir='ltr'><strong>ἠδὲ</strong></span> <span class='ocrx_word' id='word_1_240' title='bbox 1373 3807 1428 3865; x_wconf 78' lang='lat' dir='ltr'><strong>rv-</strong></span> 
     </span>
    </p>
   </div>
   <div class='ocr_carea' id='block_1_5' title="bbox 306 4033 1428 4498">
    <p class='ocr_par' dir='ltr' id='par_1_6' title="bbox 306 4033 1428 4498">
     <span class='ocr_line' id='line_1_29' title="bbox 393 4033 1427 4104; baseline -0.004 -16"><span class='ocrx_word' id='word_1_241' title='bbox 393 4033 413 4102; x_wconf 82' lang='lat'><strong>²)</strong></span> <span class='ocrx_word' id='word_1_242' title='bbox 432 4034 532 4088; x_wconf 81' lang='lat' dir='ltr'><strong>Constat</strong></span> <span class='ocrx_word' id='word_1_243' title='bbox 550 4049 649 4087; x_wconf 86' lang='lat' dir='ltr'><strong>aeneum</strong></span> <span class='ocrx_word' id='word_1_244' title='bbox 669 4041 810 4103; x_wconf 83' lang='lat' dir='ltr'><strong>serpentem,</strong></span> <span class='ocrx_word' id='word_1_245' title='bbox 821 4049 892 4104; x_wconf 86' lang='lat' dir='ltr'><strong>quem</strong></span> <span class='ocrx_word' id='word_1_246' title='bbox 906 4033 987 4086; x_wconf 84' lang='lat' dir='ltr'><strong>Moses</strong></span> <span class='ocrx_word' id='word_1_247' title='bbox 1004 4033 1142 4086; x_wconf 73' lang='lat' dir='ltr'><strong>faciundum</strong></span> <span class='ocrx_word' id='word_1_248' title='bbox 1155 4034 1254 4097; x_wconf 86' lang='lat' dir='ltr'><strong>curavit,</strong></span> <span class='ocrx_word' id='word_1_249' title='bbox 1269 4033 1331 4085; x_wconf 83' lang='lat' dir='ltr'><strong>vitae</strong></span> <span class='ocrx_word' id='word_1_250' title='bbox 1349 4041 1373 4085; x_wconf 86' lang='lat' dir='ltr'><strong>et</strong></span> <span class='ocrx_word' id='word_1_251' title='bbox 1389 4049 1427 4084; x_wconf 79' lang='lat' dir='ltr'><strong>ss-</strong></span> 
     </span>
     <span class='ocr_line' id='line_1_30' title="bbox 306 4129 1428 4205; baseline 0.003 -24"><span class='ocrx_word' id='word_1_252' title='bbox 306 4167 309 4180; x_wconf 59' lang='lat'><strong>,</strong></span> <span class='ocrx_word' id='word_1_253' title='bbox 320 4134 423 4186; x_wconf 88' lang='lat' dir='ltr'><strong>nationis</strong></span> <span class='ocrx_word' id='word_1_254' title='bbox 437 4135 534 4205; x_wconf 86' lang='lat' dir='ltr'><strong>signnm</strong></span> <span class='ocrx_word' id='word_1_255' title='bbox 544 4131 628 4195; x_wconf 84' lang='lat' dir='ltr'><strong>fuisse,</strong></span> <span class='ocrx_word' id='word_1_256' title='bbox 641 4130 792 4200; x_wconf 88' lang='lat' dir='ltr'><strong>eundemque</strong></span> <span class='ocrx_word' id='word_1_257' title='bbox 807 4131 836 4184; x_wconf 93' lang='lat' dir='ltr'><strong>ad</strong></span> <span class='ocrx_word' id='word_1_258' title='bbox 847 4149 952 4186; x_wconf 77' lang='lat' dir='ltr'><strong>orosam</strong></span> <span class='ocrx_word' id='word_1_259' title='bbox 961 4133 1137 4204; x_wconf 83' lang='lat' dir='ltr'><strong>Aegyptiorum</strong></span> <span class='ocrx_word' id='word_1_260' title='bbox 1156 4137 1282 4201; x_wconf 83' lang='lat' dir='ltr'><strong>spectasse,</strong></span> <span class='ocrx_word' id='word_1_261' title='bbox 1295 4130 1337 4200; x_wconf 89' lang='lat' dir='ltr'><strong>qui</strong></span> <span class='ocrx_word' id='word_1_262' title='bbox 1346 4129 1428 4184; x_wconf 75' lang='lat' dir='ltr'><strong>Solen</strong></span> 
     </span>
     <span class='ocr_line' id='line_1_31' title="bbox 320 4227 1427 4302; baseline -0.004 -18"><span class='ocrx_word' id='word_1_263' title='bbox 320 4230 425 4296; x_wconf 87' lang='lat' dir='ltr'><strong>denotat,</strong></span> <span class='ocrx_word' id='word_1_264' title='bbox 445 4232 506 4285; x_wconf 87' lang='lat' dir='ltr'><strong>vitae</strong></span> <span class='ocrx_word' id='word_1_265' title='bbox 525 4239 548 4284; x_wconf 88' lang='lat' dir='ltr'><strong>ct</strong></span> <span class='ocrx_word' id='word_1_266' title='bbox 560 4229 718 4302; x_wconf 85' lang='lat' dir='ltr'><strong>generationis</strong></span> <span class='ocrx_word' id='word_1_267' title='bbox 736 4227 884 4300; x_wconf 81' lang='lat' dir='ltr'><strong>symbolum,</strong></span> <span class='ocrx_word' id='word_1_268' title='bbox 903 4228 1087 4302; x_wconf 80' lang='lat' dir='ltr'><strong>etDtonysum,</strong></span> <span class='ocrx_word' id='word_1_269' title='bbox 1106 4228 1175 4299; x_wconf 83' lang='lat' dir='ltr'><strong>cnjus</strong></span> <span class='ocrx_word' id='word_1_270' title='bbox 1193 4229 1217 4281; x_wconf 90' lang='lat' dir='ltr'><strong>in</strong></span> <span class='ocrx_word' id='word_1_271' title='bbox 1235 4227 1339 4300; x_wconf 83' lang='lat' dir='ltr'><strong>phallieis</strong></span> <span class='ocrx_word' id='word_1_272' title='bbox 1358 4229 1427 4300; x_wconf 82' lang='lat' dir='ltr'><strong>orgiis</strong></span> 
     </span>
     <span class='ocr_line' id='line_1_32' title="bbox 320 4325 1427 4399; baseline -0.002 -18"><span class='ocrx_word' id='word_1_273' title='bbox 320 4337 385 4382; x_wconf 83' lang='lat' dir='ltr'><strong>tanta</strong></span> <span class='ocrx_word' id='word_1_274' title='bbox 403 4335 453 4382; x_wconf 88' lang='lat' dir='ltr'><strong>erat</strong></span> <span class='ocrx_word' id='word_1_275' title='bbox 471 4331 605 4383; x_wconf 79' lang='lat' dir='ltr'><strong>auctoritas.</strong></span> <span class='ocrx_word' id='word_1_276' title='bbox 632 4328 668 4382; x_wconf 90' lang='lat' dir='ltr'><strong>De</strong></span> <span class='ocrx_word' id='word_1_277' title='bbox 685 4325 786 4399; x_wconf 86' lang='lat' dir='ltr'><strong>phallico</strong></span> <span class='ocrx_word' id='word_1_278' title='bbox 804 4332 914 4399; x_wconf 83' lang='lat' dir='ltr'><strong>serpente</strong></span> <span class='ocrx_word' id='word_1_279' title='bbox 931 4328 995 4399; x_wconf 90' lang='lat' dir='ltr'><strong>apud</strong></span> <span class='ocrx_word' id='word_1_280' title='bbox 1013 4328 1179 4392; x_wconf 76' lang='lat' dir='ltr'><strong>Athenienses,</strong></span> <span class='ocrx_word' id='word_1_281' title='bbox 1198 4326 1228 4380; x_wconf 81' lang='lat' dir='ltr'><strong>cf.</strong></span> <span class='ocrx_word' id='word_1_282' title='bbox 1242 4326 1356 4392; x_wconf 81' lang='lat' dir='ltr'><strong>(ierhsrd,</strong></span> <span class='ocrx_word' id='word_1_283' title='bbox 1370 4330 1427 4381; x_wconf 82' lang='lat' dir='ltr'><strong>Aa·</strong></span> 
     </span>
     <span class='ocr_line' id='line_1_33' title="bbox 320 4426 662 4498; baseline 0 -18"><span class='ocrx_word' id='word_1_284' title='bbox 320 4427 459 4491; x_wconf 69' lang='lat' dir='ltr'><strong>chetaeos</strong></span> <span class='ocrx_word' id='word_1_285' title='bbox 478 4445 518 4498; x_wconf 83' lang='lat' dir='ltr'><strong>Pl·</strong></span> <span class='ocrx_word' id='word_1_286' title='bbox 532 4426 590 4492; x_wconf 82' lang='lat'><strong>158,</strong></span> <span class='ocrx_word' id='word_1_287' title='bbox 604 4427 662 4482; x_wconf 88' lang='grc'><strong>160.</strong></span> 
     </span>
    </p>
   </div>
   <div class='ocr_carea' id='block_1_6' title="bbox 0 0 1588 5178">
    <p class='ocr_par' dir='ltr' id='par_1_7' title="bbox 0 0 1588 5178">
     <span class='ocr_line' id='line_1_34' title="bbox 0 0 1588 5178; baseline 0 4"><span class='ocrx_word' id='word_1_288' title='bbox 0 0 1588 5178; x_wconf 95' lang='lat' dir='ltr'><strong> </strong></span> 
     </span>
    </p>
   </div>
  </div>
 </body>
</html>
