3172 5186
823 365 899 440 328

301 580 402 688 ΠΨ
417 589 501 688 W,
526 585 593 647 eine
612 579 780 666 pleclcliclee
793 579 895 659 Reice,
919 576 994 640 Esra
1008 573 1083 653 Vlll,
1101 574 1170 641 ela
1203 573 1284 640 Alibi
1303 576 1423 640 ostendi

302 678 529 792 (Varronianus,
553 706 622 770 edit.
639 706 739 781 altera,
762 728 793 790 p.
811 700 866 785 76)
889 705 984 787 ipsam
1001 721 1104 765 vocem
1126 707 1204 805 'le
1220 699 1257 764 ad
1272 701 1350 764 hanc
1364 723 1424 764 no·

300 837 411 897 tionem
434 854 522 919 quam
544 833 679 918 proxime
703 828 848 892 accedere.
883 826 967 902 Nam,
991 839 1025 890 nt
1041 829 1072 890 in
1088 823 1264 890 sclavonico
1289 826 1421 911 doropa,

300 957 387 1022 radix
409 969 455 1021 cst
476 955 531 1022 rele
553 956 599 1019 vel
620 977 684 1040 req,
709 974 784 1040 quae
805 956 875 1016 item
898 955 928 1014 in
943 949 1042 1014 verbis
1066 951 1212 1034 τ-ρέχ-ω,
1236 945 1421 1034 ἔ-ρχ-ομαι,

301 1079 452 1169 dely-co,
476 1081 656 1166 por-etym,
679 1101 796 1164 per-90
826 1075 946 1140 eandem
969 1079 1029 1140 rim
1055 1088 1180 1139 exercet.
1228 1073 1421 1162 Quantopere

301 1207 401 1272 cadem
423 1205 577 1270 translatio
600 1206 632 1266 in
654 1201 760 1268 radicis
783 1197 861 1304 'wi
877 1223 937 1266 usu
959 1201 1069 1278 valeat,
1098 1203 1169 1264 satis
1194 1201 1288 1288 liquet
1310 1222 1350 1265 ex
1372 1199 1422 1264 his

300 1332 388 1412 locis;
410 1327 553 1396 Proverb.
569 1328 615 1403 lll,
633 1325 669 1392 6:

432 1460 505 1516 Eum
526 1457 682 1533 (dehoram)
703 1457 732 1514 in
752 1455 880 1513 omnibus
901 1457 957 1512 tuis
979 1453 1134 1514 actionibus
1156 1473 1284 1530 agnosce,

400 1558 404 1564 ’
433 1566 514 1623 Etis
534 1574 585 1622 tua
605 1564 705 1641 meyer
724 1564 823 1658 (nestri
844 1565 951 1621 itinera.

301 1705 392 1770 Prov.
408 1702 460 1781 Xl,
477 1700 512 1767 5:

433 1824 547 1881 Justitia
567 1824 669 1899 integri
688 1824 763 1880 viam
784 1821 844 1898 ejus
858 1821 979 1898 planum
999 1820 1091 1880 reddit
1110 1821 1232 1914 (Ἴψῳ).

299 1954 408 2020 Psalm.
424 1951 522 2029 XXV,
540 1949 576 2016 8:

432 2082 528 2139 Bonus
550 2091 577 2138 et
590 2079 703 2156 probus
724 2078 810 2170 (Ἶῐζίζ)
832 2090 874 2136 est
893 2079 1016 2150 Jchova;

434 2188 606 2264 Quapropter
625 2197 763 2245 monstrat
782 2187 974 2264 peccatoribus
995 2188 1070 2245 ciaon
1090 2181 1207 2260 suam¹).

388 2325 437 2392 Ex
464 2329 567 2390 intima
589 2329 743 2403 societate,
774 2348 862 2413 quam
890 2327 932 2412 pii
959 2325 1105 2390 israelitae
1132 2323 1312 2389 intercedere
1339 2323 1420 2388 arbi-

299 2449 455 2518 trabantur
477 2455 554 2516 inter
575 2450 754 2539 probitatem
776 2450 831 2514 Dei
859 2463 889 2515 ct
914 2450 1093 2516 mundanam
1121 2449 1277 2514 hominum
1304 2449 1420 2536 probo·

298 2601 366 2643 rum
388 2577 569 2653 felicitatem,
600 2599 687 2664 quam
717 2575 834 2663 quidem
851 2579 1032 2641 societatem
1060 2578 1151 2640 mirus
1178 2575 1226 2640 ille
1248 2572 1324 2640 Joti
1344 2574 1420 2640 liber

300 2703 448 2770 vindicare
470 2715 610 2779 conatur,
643 2701 815 2768 Solomonis
838 2702 974 2788 aequales
1001 2707 1064 2766 non
1087 2699 1264 2766 dubitabant
1286 2699 1419 2766 derivare

299 2850 442 2894 summam
465 2809 541 2916 regis
571 2829 618 2890 sui
643 2831 885 2914 prosperitatem,
916 2839 945 2892 et
972 2826 1099 2891 sortasse
1126 2825 1268 2892 rebantur
1298 2847 1417 2892 auream

298 2954 377 3018 illam
400 2965 523 3017 aetatem
546 2952 682 3017 reducem
705 2975 777 3029 esse,
803 2965 832 3016 et
853 2953 987 3017 homines
1007 2955 1114 3016 iterum
1128 2951 1202 3028 fieri,
1227 2951 1310 3039 quod
1330 2955 1416 3017 initio

298 3078 367 3142 sacti
391 3089 497 3154 essent,
522 3089 552 3140 et
567 3078 672 3162 probi,
698 3090 727 3141 et
741 3077 860 3164 felices.
895 3077 975 3142 Haec
996 3090 1041 3142 est
1055 3077 1121 3153 loci,
1146 3075 1182 3140 de
1206 3098 1266 3164 quo
1291 3081 1416 3166 agimus,

299 3201 485 3290 significatio.
530 3200 570 3266 Et
599 3205 624 3264 si
652 3201 733 3266 nulla
762 3203 817 3266 alia
846 3225 935 3267 causa
958 3215 1048 3279 esset,
1079 3223 1169 3289 quare
1192 3202 1251 3266 hoc
1273 3203 1416 3291 epithala-

211 3369 218 3380 ι
298 3329 390 3392 mium
413 3326 576 3391 Jasharano
599 3325 675 3392 libro
706 3327 851 3392 inclusum
873 3327 992 3406 vellem,
1022 3349 1084 3392 non
1109 3348 1230 3413 possem
1257 3331 1416 3414 praeterire

298 3465 359 3518 tam
382 3465 512 3540 apertam
536 3454 723 3540 cogitationis
746 3455 901 3538 primariae
925 3453 1177 3540 significationem,
1202 3473 1291 3541 quam
1311 3456 1342 3517 in
1356 3456 1415 3519 isto

296 3577 374 3643 libro
396 3600 519 3665 regnare
543 3589 675 3642 autumo.
721 3578 828 3642 Vatem
858 3589 956 3643 autem
984 3578 1042 3642 hoc
1068 3577 1134 3643 loco
1161 3600 1260 3666 regem
1281 3583 1416 3665 potuisse

296 3703 403 3771 Deum
425 3677 554 3808 &illiti
577 3703 733 3791 appellare,
757 3724 833 3790 quae
852 3716 897 3767 cst
911 3703 1127 3768 Rosenmiilleri
1143 3705 1255 3790 opinio,
1280 3704 1416 3792 equidem

296 3851 359 3894 non
388 3828 493 3906 cred03
522 3849 576 3892 nec
605 3826 730 3892 Gcscnio
761 3831 906 3892 assentior
934 3832 986 3916 qui
1015 3828 1053 3892 ad
1080 3827 1139 3893 les.
1154 3827 1214 3906 IX,
1231 3825 1307 3906 5,6
1336 3830 1416 3895 hunc

296 3955 395 4018 locum
417 3955 459 4018 sic
481 3955 705 4039 interpretatur:
736 3953 864 4018 »solium
886 3966 972 4018 tuum
994 3953 1050 4018 Dei
1072 3956 1135 4017 sive
1159 3953 1328 4032 divinum«,
1352 3959 1372 4018 i.
1389 3977 1414 4022 e.

296 4083 327 4144 in
351 4101 412 4166 quo
435 4089 464 4142 te
486 4077 567 4142 Deus
592 4081 762 4156 constituit,
794 4091 989 4165 »perpetuum
1012 4082 1087 4143 erite
1111 4071 1198 4163 (deire
1221 4079 1416 4146 Gottestleron

296 4203 374 4270 stelet
398 4205 508 4268 ieamer
536 4205 603 4269 eod
630 4198 736 4291 ewip),
770 4225 943 4290 comparans
971 4204 1065 4270 Levit.
1081 4203 1192 4283 XXVI,
1209 4203 1262 4272 42.
1311 4203 1415 4272 Omnis

373 4432 392 4500 ¹)
415 4433 469 4487 Hac
487 4431 671 4505 significatione
689 4440 854 4506 opponuntur
872 4434 973 4514 *rim
992 4441 1017 4491 ct
1034 4435 1101 4530 ψῃ
1120 4434 1185 4504 (dee.
1197 4433 1255 4502 Xb,
1267 4432 1307 4502 l).
