3164 5176
756 378 973 492 *gan-

308 591 355 654 sni
382 610 479 654 mores
504 591 614 677 optime
642 601 855 677 repraesentat,
887 584 936 671 (in
956 587 1084 677 rupibus
1107 591 1183 654 enim
1206 586 1310 652 nidum
1333 609 1429 675 pone·

307 712 380 778 bant
394 713 529 792 Kinnaei,
553 712 641 778 Num.
658 714 769 792 XXIV,
787 710 853 796 21),
877 712 959 780 facile
975 715 1142 800 suspiceris,
1168 733 1259 800 Qum
1273 711 1428 779 Cheberus

308 842 435 903 tentoria
463 843 615 925 posuisset
642 842 672 908 in
702 843 808 905 vicinia
832 837 985 922 Qedashae
1013 837 1066 903 uhi
1093 837 1248 902 habitabat
1268 837 1428 924 Baraquus

309 960 391 1045 (Jud.
408 964 459 1040 IV,
479 960 547 1046 ll),
574 987 641 1028 eum
664 965 817 1028 simulasse
840 967 995 1029 amicitiam
1020 984 1085 1027 cum
1109 961 1298 1040 Chatzoreis,
1323 983 1429 1026 revera

308 1101 405 1153 autem
427 1088 598 1176 Baraquum
621 1088 676 1153 sibi
699 1088 816 1154 loedere
840 1102 869 1154 et
891 1093 1031 1154 societate
1054 1088 1235 1175 adjunxisse.
1275 1089 1320 1152 lta
1343 1109 1428 1152 suam

308 1212 365 1277 sibi
394 1213 493 1278 sedem
520 1217 550 1277 in
581 1217 706 1278 carmine
738 1214 852 1279 obtinet
873 1215 937 1292 illa,
968 1213 1021 1278 nbi
1043 1217 1161 1278 nomine
1184 1216 1281 1278 mariti
1304 1215 1353 1276 sni
1377 1211 1428 1276 de-

308 1342 422 1425 signata
445 1341 521 1402 inter
544 1352 654 1404 ceteros
670 1339 806 1405 Deborae
830 1339 1021 1404 auxiliatores
1044 1339 1204 1404 inducitur.
1237 1337 1280 1403 At
1302 1341 1328 1402 si
1352 1337 1427 1402 alius

309 1466 375 1550 quis
398 1463 503 1528 luisset
526 1463 628 1528 eodem
651 1468 769 1528 nomine
793 1467 929 1552 cognitus
952 1463 1151 1551 proculdubio
1168 1467 1202 1541 is,
1227 1467 1305 1527 sicut
1321 1461 1430 1528 Sham·

308 1609 370 1675 gar,
395 1588 564 1672 πατρόθεν
586 1590 750 1676 appellatus
774 1588 888 1654 suisset.
936 1588 1016 1655 Sana
1038 1601 1084 1659 est
1106 1591 1219 1654 critices
1242 1588 1304 1654 lex:
1337 1585 1430 1650 »saei-

308 1713 365 1778 lior
386 1716 589 1801 interpretatio
612 1715 803 1801 praeferatur,
829 1714 881 1778 sed
904 1712 1052 1779 diffieilior
1073 1714 1191 1779 lectius
1228 1711 1307 1796 Quid
1329 1723 1428 1776 antem

311 1842 448 1904 oscitanti
478 1840 590 1904 scribae
618 1840 730 1905 facilius
762 1861 850 1926 quam
878 1851 914 1902 ut
943 1840 1050 1903 similes
1079 1839 1242 1903 litterarum
1265 1836 1374 1902 ductus
1397 1840 1429 1901 in

308 1962 418 2027 lahelis
434 1987 541 2030 nomen
555 1977 774 2042 transmutaret,
791 1967 964 2050 praesertim
979 1967 1004 2028 si
1019 1986 1082 2028 vox
1097 1962 1241 2054 quaedam
1252 1964 1299 2028 vel
1314 1963 1428 2027 locutio

308 2088 409 2174 paullo
438 2091 608 2154 inusitatior
635 2091 684 2154 hic
713 2088 831 2154 obviam
859 2087 970 2154 luerit?
1004 2086 1102 2171 Quum
1129 2091 1265 2176 repetitio
1288 2087 1430 2152 vocabuli

310 2214 396 2306 *79⁸2
424 2227 524 2300 aperte
553 2214 657 2278 doceat
685 2238 746 2280 non
773 2215 918 2279 diversam
942 2213 995 2278 sed
1018 2214 1139 2278 eandem
1162 2226 1286 2279 aetatem
1307 2212 1429 2278 Dehora

310 2341 484 2403 anteriorem
512 2340 686 2428 significari,
723 2362 815 2428 quum
844 2353 941 2406 autem
971 2339 1094 2404 verbum
1124 2315 1219 2443 ,tm
1246 2353 1352 2426 postea
1380 2337 1428 2402 bis

308 2466 444 2528 iteratum
471 2467 503 2528 in
526 2467 610 2529 initio
633 2466 756 2530 lineolae
780 2479 857 2530 stare
882 2477 1032 2552 oporteat,
1064 2477 1153 2553 atque
1175 2468 1216 2529 ita
1238 2464 1358 2551 longior
1380 2463 1429 2527 hic

308 2588 467 2677 rhythmus
492 2589 683 2668 desideretur,
707 2613 769 2656 non
793 2590 927 2655 dubitavi
951 2589 1092 2656 scribere:

681 2690 1047 2821 1111111111

310 2839 346 2904 cl.
374 2837 488 2906 18111.
511 2840 618 2917 XXX,
636 2838 693 2905 25:
721 2811 853 2945 libyn]
872 2812 973 2930 rernm
995 2833 1121 2931 Uiltlp.
1156 2837 1232 2903 Nam
1250 2841 1368 2916 omissa,
1393 2849 1429 2903 ut

308 2965 357 3040 lit,
381 2968 556 3050 repetitione
578 2968 706 3030 nominis
728 2937 858 3053 proprii,
884 2969 1039 3030 concursio
1059 2964 1222 3030 litterarum
1247 2939 1428 3038 tibuunt:

309 3088 437 3174 explicat
465 3089 617 3176 quomodo
648 3104 676 3155 et
703 3097 716 3143 i
744 3089 866 3154 obtrudi
895 3103 924 3155 et
952 3098 981 3160 D
1011 3090 1130 3155 extrudi
1152 3102 1265 3177 posset.
1312 3085 1428 3176 Operae

308 3216 436 3299 pretium
459 3217 528 3291 erit,
553 3214 644 3279 verba
667 3218 745 3301 ipsa,
771 3215 880 3303 quibus
905 3214 1092 3281 subditorum
1109 3219 1227 3281 miseria
1241 3217 1427 3291 enuntiatur,

298 3338 409 3425 paullo
444 3343 584 3405 attentius
618 3344 794 3406 examinare.
846 3341 946 3406 Fortis
982 3355 1045 3406 erat
1076 3379 1111 3390 -
1144 3344 1211 3429 quis
1244 3339 1354 3427 negat?
1387 3377 1424 3388 —

310 3461 455 3552 Shamgnr
490 3465 552 3544 ille3
587 3466 640 3530 sed
673 3490 734 3532 non
769 3489 803 3531 ea
836 3480 899 3532 erat
926 3470 1013 3531 istius
1042 3468 1153 3544 virtus,
1190 3486 1266 3553 quae
1293 3465 1428 3530 devictos

308 3590 454 3655 Israelitas
481 3594 512 3654 in
540 3591 703 3657 libertatem
732 3592 902 3657 vindicaret.
947 3591 1057 3656 Mousti
1086 3614 1120 3656 ac
1150 3591 1267 3655 solliciti
1293 3611 1348 3677 per
1376 3590 1429 3654 de·

309 3718 374 3780 vios
405 3729 434 3780 et
461 3729 615 3782 contortos
644 3721 775 3782 tramites
805 3717 981 3806 pergebant,
1011 3720 1036 3780 si
1061 3719 1111 3803 qui
1134 3719 1271 3781 intanto
1294 3715 1429 3780 hostium

308 3854 388 3905 metu
411 3840 489 3904 sores
513 3845 593 3907 exire
616 3847 681 3906 ausi
703 3856 782 3907 sunt.
818 3842 952 3908 Eundem
975 3863 1073 3906 rerum
1092 3853 1201 3906 statum
1217 3840 1298 3928 apud
1312 3853 1428 3904 veteres

310 3963 437 4030 Graecos
452 3964 590 4044 breviter,
616 3979 650 4030 ut
665 3968 750 4045 solet,
775 3968 911 4056 depinxit
927 3967 1119 4055 Thucydides
1136 3962 1169 4049 (l,
1183 3962 1232 4048 2):
1255 3965 1309 4050 τῆς
1325 3963 1430 4050 ἐμπο-

308 4211 391 4280 κατᾶ
413 4220 474 4302 γῆν
496 4211 571 4282 οὔτε
595 4211 651 4280 διὰ
672 4215 858 4302 θαλάσσης,
883 4230 912 4282 et
935 4240 1010 4305 quae
1034 4231 1209 4305 sequuntur.
1240 4215 1370 4303 Propius
1389 4214 1430 4280 ad

307 4355 443 4406 nostrum
465 4343 564 4408 locum
586 4342 743 4420 Pindarus,
769 4346 820 4430 qui
844 4342 879 4406 de
903 4355 1046 4429 quattuor
1067 4345 1168 4430 pueris
1192 4363 1270 4429 quos
1293 4352 1430 4429 prostra—

307 4467 399 4532 visset
420 4465 623 4534 Aristomenes
646 4472 687 4534 ita
709 4469 857 4555 loquitur:
888 4463 972 4532 κατὰ
993 4466 1130 4554 λαύρας,
1154 4471 1266 4557 inquit,
1295 4463 1430 4552 ἐχθρῶν
