3166 5178
702 395 750 468 23

167 597 334 706 (utquid.)
364 625 430 666 cum
459 623 515 670 eos
546 598 639 686 (Dan.
661 605 718 681 XI,
741 601 810 686 17).
857 607 936 672 Haec
960 612 1058 674 omnia
1081 622 1115 674 ut
1138 611 1286 676 veredici
1355 681 1358 692 ,

166 741 277 815 queant
300 727 335 792 de
357 726 461 814 probis
483 729 638 808 Israelitis,
661 729 790 817 benIgna
813 730 941 817 quadarn
964 737 1172 820 anticipatione
1188 750 1286 802 trans·

166 852 302 917 seruntur
330 851 369 916 ad
402 875 470 929 eos,
508 857 678 940 quicunque
708 853 818 918 visibili
850 860 946 942 gentis
975 857 1080 922 electae
1108 863 1206 924 coetui
1234 860 1286 925 ad-

166 976 384 1054 scribebantur,
415 975 517 1042 eodem
542 979 611 1062 jure
635 1000 703 1065 quo¹
719 977 849 1042 Ecclesia
872 993 975 1046 nostra
999 987 1174 1070 omnesqui
1199 983 1286 1050 Chri-

166 1105 351 1167 stianismum
373 1101 553 1189 profitentur
576 1097 650 1177 τοὺς
673 1099 869 1186 σωζομένους
890 1119 979 1170 vocat
1002 1102 1081 1188 (Act.
1097 1107 1136 1183 H,
1152 1103 1220 1188 47).
1252 1107 1284 1174 Si

165 1197 257 1316 igitur
272 1225 455 1292 conferamus
471 1226 579 1291 Psalm.
595 1226 719 1305 CXXV,
736 1225 767 1304 ll,
786 1226 816 1292 5.
840 1227 899 1293 Jes.
913 1229 1031 1306 XXVI,
1049 1230 1067 1295 7
1086 1199 1284 1296 οιιιιιΡιοΙιιιο

168 1351 249 1428 CXI,
277 1351 305 1430 I,
335 1365 495 1439 utrumque
525 1365 624 1416 autem
653 1375 719 1417 cum
747 1353 866 1418 Psabno
889 1354 1024 1432 LXXIII,
1051 1353 1078 1432 I,
1114 1356 1285 1444 colligemus

165 1499 274 1543 nomen
287 1475 388 1543 Ιιοοοί
408 1476 467 1542 iere
490 1476 567 1540 idem
590 1478 686 1542 valere
709 1491 798 1565 atque
821 1479 897 1544 hane
913 1481 1087 1566 probos-ram
1105 1479 1286 1568 designatio·

165 1625 242 1667 nem.
280 1602 320 1666 Et
342 1601 585 1690 significationem
609 1601 740 1688 ejusdem
763 1605 806 1667 rei
828 1606 946 1668 minime
963 1603 1119 1668 obscuram
1142 1603 1285 1669 habemus
1349 1663 1354 1676 ,

165 1730 196 1790 in
212 1727 359 1791 Vaticinio
375 1726 498 1792 Bilearni
514 1724 614 1809 (Num.
631 1727 742 1803 XXIII,
762 1722 826 1808 10),
851 1727 888 1792 de
904 1749 965 1814 quo
981 1727 1076 1794 fusius
1093 1751 1177 1817 agam
1193 1751 1285 1816 quum

166 1851 204 1916 ad
227 1851 300 1916 illud
316 1873 431 1916 carmen
447 1873 607 1917 accessero.
642 1849 702 1916 Nec
717 1865 814 1916 tamen
829 1853 949 1917 titulum
965 1851 1052 1958 ἾΨΞ,
1077 1867 1179 1921 textus
1194 1857 1284 1918 unius

166 1989 254 2064 atque
277 1979 346 2040 item
368 1975 486 2041 alterius
506 1977 677 2054 collatione,
700 1977 821 2042 ludaeis
839 1981 923 2064 quasi
938 1982 1072 2065 precario
1089 1977 1282 2045 vindicamus.

165 2099 240 2166 Nam
269 2105 462 2168 certissimum
492 2115 537 2166 est
565 2124 674 2166 nomen
703 2099 806 2207 ΨἾΨῚ
834 2105 864 2166 iu
888 2101 979 2168 Sacra
1002 2103 1158 2191 Scriptura
1181 2118 1285 2192 quater

166 2226 288 2292 ovaum
305 2223 406 2308 (Dent.
421 2226 551 2304 XXXII,
572 2222 621 2292 15.
645 2225 788 2304 XXXIII,
806 2224 836 2304 5,
855 2223 907 2292 26.
929 2227 988 2292 Jes.
1005 2228 1112 2306 XLIV,
1129 2224 1162 2312 2)
1179 2230 1284 2316 populi

164 2353 315 2418 Israelitici
337 2353 562 2440 appellationem
586 2373 649 2416 esse
673 2350 853 2438 eandemque
877 2351 914 2415 ab
937 2353 996 2417 hoc
1011 2357 1077 2440 ipso
1094 2349 1167 2456 W]
1181 2353 1284 2418 leviter

168 2477 319 2542 deflexam.
355 2476 396 2542 Ut
417 2478 565 2564 plerisque
587 2477 683 2562 placet
705 2475 881 2540 diminutiva
904 2489 950 2540 cst
964 2477 1010 2540 vel
1024 2475 1134 2541 blanda
1149 2477 1284 2564 designa·

167 2603 225 2678 tio,
255 2601 334 2666 unde
364 2599 415 2666 Gr.
439 2593 648 2686 Ἰσραέλισκος
677 2599 825 2665 serIbitur.
871 2599 1009 2664 Filrstius
1039 2603 1089 2676 (in
1113 2598 1282 2666 Concordd.

165 2750 196 2814 p.
212 2723 290 2809 534)
314 2730 368 2792 ait:
393 2725 539 2792 »sonasse
554 2725 729 2792 vertendum
752 2745 824 2813 gens
847 2747 866 2788 a
887 2728 973 2789 rectis
998 2720 1041 2807 (h.
1058 2747 1082 2790 e.
1100 2723 1282 2804 Abrahamo,

164 2852 279 2928 Isaaco,
302 2851 431 2930 Iacobo,
461 2851 611 2940 aquibus
635 2854 722 2916 etiam
746 2849 868 2916 Genesis
889 2848 1012 2934 Βίβλος
1033 2845 1161 2916 acidiora
1183 2852 1285 2938 appel-

165 2973 262 3059 latur)
287 2977 444 3044 oriunda«
491 2976 580 3060 Quod
604 2976 730 3042 Gesenio
755 2971 805 3057 (in
827 2977 900 3042 Lex.
920 2971 1016 3058 Man)
1043 2977 1156 3062 placuit
1183 2973 1284 3082 ῘῚἾΨῚ

165 3101 257 3166 luisse
281 3101 507 3168 »diminutivum
531 3105 658 3166 nominis
682 3074 812 3203 ΨΨἾΨἹ
836 3101 925 3188 vulgo
949 3103 1031 3166 etin
1054 3103 1114 3165 vita
1136 3105 1285 3166 communi

165 3226 383 3314 frequentatum
405 3250 461 3313 pro
485 3228 667 3314 pleniorcl
640 3181 826 3330 Illit'lilll
850 3225 927 3289 id
904 3247 966 3290 sme
990 3227 1126 3313 exemplo
1142 3249 1206 3292 csse
1221 3230 1284 3312 ipse

165 3365 270 3439 postea
286 3351 362 3416 vidit
377 3348 482 3434 (fflhes
498 3375 528 3438 p
546 3347 634 3433 642).
668 3351 765 3416 Meam
789 3350 965 3416 denomino
989 3347 1090 3463 ΨἾΨῚ
1111 3354 1284 3416 sententiam

164 3489 271 3562 postea
294 3475 463 3554 declarabo,
489 3477 627 3542 scilicet'
620 3499 651 3540 m
676 3476 899 3542 Commentario
923 3475 966 3540 cd
986 3475 1114 3540 Portam
1136 3477 1282 3562 quictem.

166 3600 227 3667 Sed
248 3601 322 3666 nihil
344 3603 468 3688 impedit
490 3605 649 3690 quominus
672 3614 808 3666 nostrum
833 3591 938 3704 ἾΨ)
930 3622 961 3664 ιιι
983 3603 1041 3664 isto
1061 3574 1192 3704 1ἾΒἻΨἹ
1214 3621 1284 3666 con·

165 3729 303 3803 tineatur,
329 3731 463 3814 quamvis
486 3727 535 3792 illa
556 3729 733 3814 posteriorIs
749 3681 887 3791 vocabuli
910 3725 1039 3812 analysis
1062 3747 1163 3790 omnes
1187 3725 1285 3790 adhuc

165 3855 340 3939 interpretes
363 3853 491 3917 latuerit
528 3851 663 3934 Quormn
686 3873 723 3916 ne
746 3873 825 3914 unus
841 3849 960 3937 quidem
984 3851 1190 3916 animadvertit
1209 3849 1283 3916 duas

165 3977 257 4064 hujus
275 3980 403 4042 nominis
423 3977 645 4064 explanationes
662 3979 693 4041 in
710 3975 817 4040 Genesi
832 3976 963 4062 prolatas
980 3997 1057 4052 esse,
1081 3978 1225 4062 priorem,
1250 3987 1285 4038 ut

167 4123 267 4166 omnes
299 4103 396 4166 sciunt
420 4098 541 4184 (XXX,
566 4097 636 4182 29),
670 4099 721 4165 ubi
749 4113 821 4188 post
849 4103 952 4164 miram
979 4099 1056 4166 illam
1080 4121 1146 4163 cum
1168 4096 1284 4163 Jehova

165 4227 355 4292 luctationem
370 4227 482 4292 Iacobo
507 4225 708 4291 declaratur»
694 4248 776 4289 »non
798 4224 898 4291 Jacob
921 4225 1035 4289 dicetur
1057 4243 1164 4287 nomen
1187 4234 1282 4300 tuum,

166 4352 218 4416 sed
240 4352 347 4434 Israel,
372 4355 442 4440 quia
463 4364 661 4441 pugnatorem
683 4364 712 4415 tc
735 4352 853 4438 gessisti
877 4343 1016 4454 (ΝἾΨ)
1041 4370 1105 4414 cum
1124 4348 1218 4428 Deo«,
1243 4352 1285 4414 ita

165 4490 201 4541 ut
230 4451 360 4583 ΨΝἿΨῚ
389 4481 428 4542 sit
454 4500 510 4563 pro
541 4452 597 4571 ί’Ψ
620 4470 721 4582 ι’·ΨΨἹ
750 4475 886 4540 aradice
911 4469 1009 4578 ΠἾΨ.
1054 4475 1165 4540 Postea
1185 4487 1284 4541 tamen
