3152 5160
737 305 953 414 Q

164 603 171 610 ῃ
285 514 428 580 Israelitas
456 513 597 602 Aegypto
627 535 762 601 egressos
798 536 861 578 csse
889 526 1029 601 regnante
1057 513 1254 600 Menephtha,
1285 513 1403 590 seilicet,

286 642 401 703 circiter
412 636 523 705 MGCC
537 661 630 703 annos
648 651 713 704 ante
726 652 828 704 natum
845 637 1007 715 Christum,
1025 638 1071 704 vel
1086 641 1200 703 circiter
1216 635 1293 703 CCC
1310 659 1404 701 annos

287 777 353 830 ante
381 765 523 851 templum
554 764 715 830 conditum.
767 761 872 828 Utrum
909 765 1105 851 qradraginta
1134 763 1211 840 dies,
1246 784 1300 850 per
1327 783 1405 849 quos

287 887 394 954 imbres
410 888 577 954 ceciderunt
592 885 679 971 (Gen.
696 887 758 967 Vll,
779 885 843 971 12),
868 889 906 984 ad
920 889 1116 976 quadraginta
1131 911 1226 954 annos
1241 890 1272 952 iu
1288 887 1404 952 deserto

287 1013 461 1100 absumptos
492 1027 639 1103 spectent,
675 1027 725 1079 au'
747 1014 786 1080 ad
816 1015 905 1080 alimn
934 1018 1067 1101 quemvis
1097 1036 1243 1078 annorum
1272 1012 1405 1076 ordinem

287 1152 353 1204 ante
375 1139 516 1227 templum
541 1139 702 1216 conditum,
727 1162 789 1202 non
809 1139 949 1226 dijudico.
986 1138 1046 1204 Sed
1060 1138 1134 1203 illud
1149 1150 1194 1203 est
1208 1136 1404 1226 probabilius.

288 1261 384 1328 Ceteri
408 1277 504 1328 antem
536 1262 591 1329 CX
620 1264 696 1341 dies,
734 1268 786 1350 qui
814 1286 853 1328 ex
883 1261 932 1328 CL
962 1263 1095 1328 deductis
1123 1263 1321 1350 quadraginta
1347 1262 1406 1326 illis

288 1402 449 1476 supersunt
479 1385 565 1470 (Gen.
581 1389 644 1465 Vll,
662 1383 733 1470 24),
762 1391 909 1476 pertinere
935 1401 1065 1475 possunt
1087 1389 1125 1454 ad
1147 1409 1293 1453 annorum
1316 1391 1407 1452 inter·

288 1514 397 1579 vallum
412 1517 488 1578 inter
503 1537 599 1579 arcam
617 1539 631 1578 a
647 1514 813 1578 Philistaeis
835 1527 1036 1602 recuperatam
1060 1526 1089 1579 et
1104 1513 1234 1599 ejusdem
1250 1513 1405 1598 intemplo

287 1641 517 1704 translationem.
566 1639 719 1706 Tribuunt
746 1639 822 1705 enim
853 1638 983 1704 Samueli
1004 1638 1066 1704 XX
1089 1662 1200 1718 annos,
1225 1637 1317 1702 Saulo
1340 1637 1406 1714 XL,

288 1763 395 1830 Davidi
424 1765 564 1844 totidem3
596 1764 705 1853 quibus
729 1769 754 1830 si
778 1764 879 1851 adjicis
902 1765 956 1829 Vll
978 1787 1073 1830 annos
1098 1763 1284 1842 Solomonis,
1315 1762 1407 1827 confi-

171 1896 176 1915 '
290 1892 365 1953 citur
388 1911 502 1954 summa
523 1912 668 1954 annorum
688 1887 775 1955 CVII.
809 1888 871 1955 Sed
894 1893 989 1954 omnis
1012 1890 1084 1955 haec
1106 1911 1297 1954 numerorum
1320 1891 1408 1952 aesti-

289 2017 377 2078 matio
408 2017 468 2078 scio
500 2013 634 2101 equidem
664 2036 752 2102 quam
782 2018 892 2080 incerta
920 2018 974 2092 sit,
1005 2029 1034 2080 et
1061 2015 1240 2081 dubitationi
1263 2013 1406 2078 obnoxia.

290 2136 358 2203 Sint
380 2141 429 2203 isti
451 2142 574 2216 numeri,
599 2152 634 2204 ut
656 2152 735 2204 sunt.
775 2138 854 2204 Satis
877 2153 974 2206 umen
998 2162 1147 2228 superque
1162 2151 1279 2204 constat
1293 2137 1407 2226 Noqchi

289 2286 397 2328 nomen
421 2276 450 2328 et
465 2263 609 2329 diluvium
624 2259 860 2352 repraesentasse
875 2265 976 2354 lugam
990 2265 1078 2354 probi
1094 2265 1200 2352 populi
1213 2287 1251 2330 cx
1265 2264 1406 2352 Aegypto

290 2402 319 2453 et
339 2389 529 2454 fluctuantem
543 2388 740 2455 Israelitarum
762 2388 920 2468 fortunam,
946 2391 1040 2456 donec
1058 2393 1235 2478 promissam
1250 2389 1307 2454 sibi
1322 2413 1408 2454 suae-

291 2535 347 2602 que
377 2515 522 2605 relligioni
550 2516 790 2604 tranquillitatem
821 2517 877 2582 sub
905 2517 1027 2603 pacifico
1052 2539 1085 2580 ae
1107 2519 1223 2604 potenti
1245 2515 1409 2580 Solomone

290 2653 527 2728 assequerentur.
576 2641 665 2724 Quod
693 2638 834 2706 Noachus
862 2645 1008 2730 principio
1039 2664 1173 2719 corvum,
1205 2641 1310 2706 deinde
1335 2663 1407 2706 vero

290 2765 455 2830 columbam
479 2767 623 2842 emiserit3
648 2765 731 2853 quod
753 2767 800 2832 ille
824 2767 943 2854 quidem
961 2771 1109 2832 incassum
1125 2765 1265 2832 avolabat
1278 2780 1309 2832 ct
1321 2789 1409 2831 revo-

289 2889 370 2953 labat
384 2883 533 2970 ')‚,donec
556 2912 649 2978 aquae
668 2894 894 2970 exsiccarentur,
919 2893 992 2959 haec
1015 2907 1121 2970 autem,
1146 2891 1276 2958 secundo
1299 2891 1407 2970 reditu,

291 3013 371 3077 oleae
389 3012 491 3078 lolium
507 3018 582 3078 circa
597 3037 750 3103 vesperam
765 3021 971 3104 reportaverit,
996 3018 1069 3083 illud
1084 3021 1214 3105 respicit,
1237 3031 1273 3082 ut
1295 3021 1408 3105 inipso

289 3137 466 3226 Fragmento
491 3141 669 3228 significavi,
701 3142 740 3206 ad
761 3145 922 3230 inquietam
945 3146 1054 3230 prioris
1077 3147 1219 3230 temporis
1242 3145 1407 3219 historiam,

291 3284 379 3350 quam
395 3263 518 3329 Davidis
538 3265 626 3344 filius,
651 3267 781 3334 secundo
804 3290 896 3356 regno
919 3281 990 3356 post
1005 3267 1138 3348 Saulem,
1162 3269 1281 3334 tandem
1303 3267 1408 3332 faustis

291 3388 439 3454 ominibus
463 3393 639 3457 terminavit.

377 3515 423 3579 Ill.
458 3515 509 3580 Ad
537 3521 651 3582 tertiam
681 3517 783 3583 diluvii
812 3517 966 3584 Noaehani
997 3520 1233 3607 explanationem
1262 3521 1408 3584 transiens

290 3640 367 3705 illico
391 3641 537 3706 secundae
559 3643 730 3729 ampliorem
754 3644 1005 3710 confirmationem
1028 3648 1193 3711 nanciscor.
1227 3642 1302 3710 Nam
1324 3667 1412 3732 prae·

367 3869 385 3935 ¹)
409 3867 493 3922 Verba
518 3871 599 3960 niwq
612 3871 683 3960 &tuq
697 3880 769 3950 ⁸321
791 3871 865 3936 (Gen.
880 3872 952 3939 Vlll,
966 3870 994 3942 7)
1019 3873 1108 3927 multis
1128 3873 1309 3944 interpretibus
1328 3889 1410 3945 nego·

290 3976 353 4028 tium
378 3973 571 4030 lacessiverunt.
608 3977 643 4031 Ut
666 3976 727 4030 mibi
752 3977 855 4048 quidem
880 3979 996 4044 videtur,
1026 3981 1176 4035 secundaria
1199 3979 1243 4033 illa
1268 3977 1410 4050 praedicata

290 4081 479 4153 (Comparative
497 4083 608 4137 Hebrew
627 4083 758 4137 (inanimae
781 4093 827 4138 art.
841 4081 883 4140 68.
902 4103 958 4158 pag.
972 4083 1020 4154 65)
1039 4088 1136 4142 irritam
1155 4085 1224 4140 illam
1244 4088 1314 4142 corvi
1334 4088 1411 4141 emis·

290 4190 389 4244 sionem
408 4189 559 4262 significant.
596 4189 696 4244 Corvus
720 4191 763 4246 ille
781 4190 850 4245 ultro
871 4195 987 4266 citroque
1005 4193 1109 4249 volabat
1127 4196 1190 4247 circa
1209 4212 1306 4261 arcam,
1326 4193 1412 4248 noluit

291 4303 374 4350 autam
398 4297 544 4352 mandatum
569 4297 665 4352 Noachi
688 4299 814 4371 perlicere.
862 4299 901 4356 Cf.
925 4301 1018 4373 Virgil.
1044 4301 1136 4374 Georg.
1161 4301 1186 4367 1,
1210 4299 1276 4358 387:
1304 4301 1410 4356 uetudio

289 4407 433 4462 incassum
450 4407 545 4478 gestire
562 4405 685 4462 lavandi·
