3152 5160
128 525 184 584 καὶ
207 517 284 597 τούς
307 518 462 602 ἀγγέλους
483 520 540 586 τοῦ
560 521 648 587 θεοῦ
672 515 913 604 duodeciacam
928 525 983 585 acal
997 523 1253 604 καταβαίνοντας

128 645 183 709 ἐπὶ
205 642 263 712 τὸν
286 640 359 710 vids
381 645 439 710 ceci
461 641 645 730 ανθρώπου
668 643 788 730 (Ioenn.
804 647 832 722 I,
850 641 906 729 52)
920 641 951 729 ¹).
990 648 1092 734 Itaque
1120 647 1253 712 diversae
1306 677 1307 681 ¹

128 771 196 835 illae
226 794 259 836 ac
288 770 487 857 discrepantes
514 771 688 837 traditiones
705 767 748 835 'de
771 774 961 858 impositione
983 776 1110 836 nominis
1132 771 1252 856 Recto,

131 917 208 982 qnae
230 895 277 960 his
302 899 333 962 in
356 896 460 962 eodem
483 900 577 983 capite
602 891 688 978 (Gen.
705 895 835 973 XXXV,
853 895 883 972 7,
902 892 955 978 15)
979 899 1180 974 inveniuntur,
1207 919 1254 962 se-

129 1025 240 1086 riorem
268 1044 322 1086 nec
351 1025 423 1086 satis
452 1021 573 1086 doctum
600 1025 788 1107 interpretem
812 1024 940 1108 sapiunt.
987 1022 1078 1085 Immo
1102 1044 1189 1100 vero,
1219 1036 1255 1086 nt

129 1149 162 1210 in
191 1149 257 1232 ipsa
278 1145 447 1234 Fragmenti
475 1147 566 1234 hujus
596 1149 808 1212 constitutione
830 1145 928 1224 vides,
958 1149 1153 1233 posteriorem
1175 1147 1255 1212 illam

132 1271 292 1335 clausulam
321 1271 359 1334 ad
387 1274 606 1359 impositionem
635 1273 763 1335 nominis
791 1270 902 1335 Pestici
928 1271 1108 1336 confidenter
1135 1273 1254 1336 trahen-

132 1396 200 1460 dam
224 1419 339 1474 censeo,
364 1410 393 1460 et
414 1398 506 1481 ejecto
522 1395 668 1460 versiculo
688 1393 728 1460 15
752 1397 854 1482 capitis
870 1396 999 1475 XXXV,
1023 1398 1093 1462 illuc
1107 1397 1253 1463 transfero

131 1545 210 1586 vers.
227 1521 273 1586 30
300 1543 364 1610 cap.
380 1521 505 1586 XXXII.
552 1521 652 1609 Atque
682 1521 759 1586 hanc
786 1521 844 1585 loci
873 1522 1149 1611 redintegrationem
1178 1527 1255 1587 veri·

132 1647 306 1712 simillimam
323 1670 395 1724 esse,
414 1650 507 1710 cuivis
523 1646 606 1710 facile
621 1645 743 1733 patebit.
773 1631 848 1711 Nam
865 1668 903 1714 ex
916 1649 1082 1714 Palaestina
1098 1649 1256 1712 descedens

132 1771 230 1836 Deum
258 1776 290 1836 in
318 1775 434 1838 somnio
464 1784 580 1838 tantum
610 1784 699 1858 atque
727 1776 758 1836 in
786 1795 900 1838 summa
929 1774 1006 1838 scala
1032 1777 1052 1837 i.
1068 1797 1093 1837 e.
1117 1777 1148 1836 in
1172 1774 1254 1836 coelo

132 1897 249 1962 viderat
275 1897 422 1976 Iacobus3
460 1920 497 1964 ex
523 1897 742 1985 Mesopotamia
770 1911 868 1964 autem
896 1921 1016 1964 reverso
1043 1894 1191 1980 (XXXV,
1215 1894 1255 1979 9)

132 2023 215 2088 Deus
238 2022 351 2088 Iacobo
376 2024 525 2110 opposcit
547 2019 654 2126 (⁸3³)
681 2037 711 2088 et
732 2037 838 2110 postca
862 2025 999 2089 accendit
1020 1999 1123 2117 (155))
1147 2023 1184 2086 ab
1208 2045 1254 2099 eo,

133 2151 175 2214 ita
202 2161 238 2214 ut
266 2148 435 2235 symbolum
458 2149 504 2212 vel
528 2149 649 2236 angelus
674 2148 790 2214 divinae
819 2153 1001 2236 praesentiae
1024 2152 1055 2212 in
1076 2163 1156 2213 terra
1179 2161 1257 2212 esset

133 2270 176 2356 (v.
197 2271 261 2355 13).
307 2273 420 2338 Peioris
449 2277 541 2362 igitur
564 2271 751 2359 dropcvlac
779 2275 877 2338 Iocum
902 2273 976 2339 »Dei
1000 2275 1127 2339 cedem«
1155 2275 1257 2361 appel·

132 2397 229 2475 labat3
253 2398 378 2464 altermn
400 2399 480 2462 hunc
503 2397 629 2464 debebat
644 2400 718 2464 »no
742 2409 956 2485 conspectam«
975 2421 1164 2488 nuncupare,
1187 2421 1257 2462 nam

132 2529 191 2596 555
215 2535 260 2588 est
276 2547 416 2610 persona
438 2524 485 2588 vel
501 2526 684 2610 praescotia
640 2525 837 2608 talicujns
855 2520 888 2604 (2
906 2521 985 2588 Sam.
1002 2523 1102 2600 XVII,
1119 2518 1182 2605 11).
1218 2523 1258 2586 Et

132 2671 171 2712 ne
196 2647 379 2713 obliviscaris
403 2650 582 2716 locutionem
605 2649 682 2713 illam
707 2656 733 2752 I]
757 2625 848 2742 5555,
874 2669 949 2735 quae
972 2671 1035 2712 non
1056 2648 1147 2713 modo
1170 2669 1257 2734 prae-

133 2777 258 2837 sentiam
274 2773 405 2838 Jehovae
429 2770 476 2856 (ut
491 2786 558 2838 ante
572 2729 803 2838 tabernacrilum
810 2773 909 2838 Exod
924 2773 1066 2851 XXXIV,
1085 2773 1137 2839 34.
1161 2774 1255 2838 Levit.
1271 2805 1276 2816 ⁴

131 2897 192 2974 IX,
209 2896 239 2962 5.
270 2899 382 2976 XXIII,
399 2897 452 2964 40
482 2899 551 2963 Iud.
568 2899 655 2976 XXI,
673 2895 722 2982 2),
754 2899 807 2963 sed
834 2899 966 2964 savorem
996 2900 1059 2984 ejus
1090 2913 1119 2963 et
1147 2921 1257 2986 appro-

132 3023 285 3088 bationem
302 3024 438 3103 denotat3
456 3024 524 3088 inde
540 3025 663 3112 legimus
680 3031 706 3076 55
721 3002 803 3116 55515
791 3017 898 3130 pist
906 3024 1006 3112 favor
1021 3048 1127 3092 cormac
1138 3024 1258 3089 Jetooa

134 3143 253 3230 (Exod.
270 3147 410 3226 XXVIII,
429 3145 500 3232 38)
525 3156 551 3253 i]
575 3124 657 3243 sapi?
680 3105 837 3256 ‘pient
862 3153 957 3216 eitam
971 3173 1079 3236 perere
1094 3152 1165 3221 Deo
1181 3174 1256 3237 qra-

134 3285 201 3338 tam
221 3286 251 3338 et
271 3297 363 3361 accep
366 3286 429 3339 tanc
450 3270 463 3356 (
470 3273 542 3340 Gen
559 3244 657 3351 XVII,
679 3271 724 3356 1),
755 3276 836 3342 haud
862 3277 944 3340 aliter
968 3297 1056 3363 quam
1080 3297 1172 3363 quum
1195 3281 1259 3341 veri

132 3400 282 3463 Israelitae
296 3399 447 3484 jubentur
468 3400 562 3464 facere
585 3399 617 3463 id
640 3400 722 3487 quod
739 3402 875 3486 probam
896 3395 1023 3503 (Ἶψξη)
1040 3400 1196 3464 othonum
1214 3415 1259 3465 est

134 3537 205 3588 ante
222 3525 324 3588 oculos
340 3524 471 3589 Iehovae
488 3521 526 3629 lt]
551 3527 652 3618 lilith
675 3525 825 3602 Deut.VI‚
844 3508 908 3606 18).
943 3524 987 3588 Ita
1002 3545 1110 3587 nomen
1124 3524 1261 3588 Pence-el

134 3651 184 3714 vel
207 3650 336 3715 Perti-cl·
360 3650 481 3715 denotat
509 3651 591 3715 illum
614 3621 750 3737 propitii
778 3672 811 3713 ac
834 3649 1009 3736 praesentis
1031 3647 1086 3712 Dei
1116 3648 1257 3726 savorem,

136 3797 226 3862 quem
248 3777 320 3841 haec
343 3779 408 3862 ipsa
430 3775 595 3846 benedictio
619 3779 645 3840 ei
667 3777 831 3863 promittit,
857 3778 907 3862 qui
929 3777 1048 3839 nomine
1071 3774 1188 3840 Isro-el
1209 3774 1259 3837 de-

138 3903 283 3987 signatur.
331 3899 429 3987 Supra
454 3900 719 3966 demonstravimus
746 3901 822 3966 hanc
844 3899 948 3965 Iacobi
972 3901 1197 3988 appellationem
1222 3899 1260 3964 ad

136 4030 281 4090 utramvis
313 4038 503 4113 cognatarum
528 4027 660 4091 radicum
683 4022 757 4131 Ἣ)
780 4039 809 4092 et
831 4021 919 4130 'llgltf
942 4025 1043 4089 reduci
1066 4048 1178 4118 posse,
1211 4025 1260 4088 Ex

136 4164 234 4216 mente
258 4154 411 4238 scriptoris
434 4156 530 4226 nostri
554 4152 592 4216 ad
613 4152 846 4217 benedictionem
867 4164 995 4238 spectat,
1020 4163 1050 4214 et
1063 4152 1257 4235 posteriorem

215 4319 234 4385 ¹)
259 4316 343 4383 Quum
362 4318 474 4372 Iacobus
494 4319 524 4372 ad
544 4322 692 4376 Betis-u-el
709 4321 757 4374 iter
775 4317 882 4383 laceret,
907 4326 967 4371 tnnc
986 4317 1108 4387 temporis
1130 4333 1208 4386 quum
1228 4315 1267 4391 ad¹

140 4418 237 4471 Betbel
254 4418 410 4486 perveniret,
425 4417 464 4483 ¹ilii
485 4434 588 4488 qnoque
608 4419 712 4474 eandem
731 4419 862 4472 notionem
882 4415 981 4471 latitare
1001 4415 1146 4470 credideris.

1009 4523 1045 4576 9·
