3152 5160
682 349 731 419 65

142 561 283 636 cationes,
308 558 465 624 homicidia
482 553 525 639 (et
540 558 659 635 similia,
679 580 754 644 quae
770 554 950 640 enumerat),
976 562 1073 622 omnia
1091 559 1161 624 hacc
1175 579 1266 644 prava

142 683 265 763 (πάντα
288 687 391 748 ταῦτα
413 680 451 746 col
477 681 652 768 πονηρὰ)
676 681 713 746 ah
737 686 817 747 intus
840 682 1021 770 procedunt,
1047 697 1076 747 et
1097 695 1194 748 totum
1210 680 1267 746 ho-

142 813 249 874 minem
273 813 487 897 coinquinant«
512 804 615 892 (Marc.
628 807 697 886 VII,
716 805 872 892 21-23).

212 935 278 1000 Tali
308 937 483 1000 auctoritate
512 933 578 998 freti
609 933 790 999 confidenter
813 955 1014 1000 asseveremus
1037 934 1118 1011 lieet,
1151 955 1267 1000 omnem

142 1064 254 1148 peccati
284 1074 313 1126 et
341 1064 480 1148 perniciei
508 1059 619 1124 fontem
650 1073 678 1124 et
700 1064 851 1126 materiam
875 1063 905 1126 in
929 1061 1089 1148 depravata
1112 1083 1198 1125 earne
1221 1060 1268 1124 vel

144 1186 232 1250 corde
261 1187 389 1251 hominis
419 1189 504 1251 unice
534 1188 662 1263 versari,
697 1189 716 1250 i.
740 1209 765 1250 c.
795 1191 825 1252 in
855 1189 1092 1274 concupiscentia
1120 1185 1267 1251 inferioris

143 1326 281 1390 naturae,
313 1316 360 1377 cui
389 1311 507 1377 divinus
538 1316 627 1376 animi
656 1316 752 1378 nostri
782 1317 904 1400 spiritus
927 1313 1071 1401 illigatur,
1103 1333 1267 1400 quaecum

143 1441 258 1504 ratione
281 1436 401 1515 militat,
427 1451 456 1502 et
479 1451 585 1524 sponte
609 1460 664 1503 sua
684 1442 863 1526 propensior
878 1451 923 1502 cst
938 1437 976 1502 ad
990 1450 1151 1525 peccatum.
1184 1437 1268 1503 Hanc

144 1564 308 1628 doctrinam
332 1587 346 1627 e
370 1566 578 1630 vetustissimis
599 1563 793 1628 Pentateuchi
817 1563 986 1651 fragmentis
1011 1567 1150 1628 eruimus.
1184 1562 1268 1628 Hanc

143 1689 327 1776 proclamant
341 1689 491 1777 Apostoli.
527 1689 610 1755 Hanc
633 1688 719 1754 Jesus
742 1692 805 1776 ipse
829 1711 889 1754 non
915 1688 1042 1753 obscuro
1061 1689 1191 1766 oraculo,
1216 1687 1268 1752 sed

145 1813 266 1879 candide
291 1827 380 1901 atque
404 1828 519 1902 aperte,
549 1827 585 1879 ut
608 1815 713 1880 solitus
738 1826 795 1892 est,
826 1817 1040 1902 pronuntiavit.
1088 1813 1149 1878 Sed
1171 1827 1268 1888 umen

144 1940 272 2004 inhaesit
294 1939 490 2029 complurium
513 1940 721 2028 theologorum
747 1943 866 2017 animis,
895 1962 998 2005 eorum
1020 1943 1192 2027 praesertim
1216 1944 1268 2028 qni

145 2065 281 2130 doctrina
304 2087 337 2130 ac
361 2066 476 2152 judicio
499 2068 597 2130 minus
619 2066 746 2152 pollent,
778 2069 879 2153 opinio
905 2066 1064 2155 quaedam,
1096 2067 1143 2130 vel
1165 2071 1267 2154 potius

144 2191 347 2270 hallucinatio,
371 2205 524 2279 peecatum
546 2195 645 2278 ipsum
669 2204 699 2256 et
721 2192 942 2257 sollicitationes
966 2192 1003 2256 ad
1023 2193 1137 2279 culpam
1153 2214 1214 2257 non
1230 2215 1268 2256 ex

144 2321 250 2382 intimo
279 2318 399 2382 homine
426 2318 590 2404 profluere,
624 2317 676 2382 sed
705 2317 822 2382 aliunde
853 2329 882 2382 et
910 2320 1092 2382 extrinsecus
1122 2317 1267 2383 derivatas

146 2464 218 2506 esse.
266 2442 341 2507 Nam
364 2457 495 2529 ponunt,
520 2443 626 2520 fuisse,
652 2445 808 2530 ant'cquam
832 2443 926 2507 lactus
951 2455 1028 2506 esset
1050 2443 1151 2520 homo,
1177 2442 1268 2507 subli-

145 2571 269 2633 miorem
299 2569 446 2655 quandam
474 2569 642 2634 animalium
664 2571 779 2632 ratione
802 2568 1005 2654 praeditorum
1028 2579 1159 2656 gentem,
1191 2589 1268 2655 quos

147 2695 274 2780 angelos
288 2707 411 2773 vocant3
435 2695 492 2758 hos
515 2698 619 2782 utique
643 2704 761 2758 creatos
784 2715 861 2772 esse,
887 2693 940 2758 sed
954 2707 1051 2758 umen
1066 2693 1267 2771 immortalem

145 2823 351 2906 incorporeos,
372 2820 423 2886 sed
439 2824 693 2907 concupiscentiae
708 2823 820 2887 nescias
837 2820 990 2908 quomodo
1008 2818 1167 2885 obnoxios.
1196 2818 1268 2884 Peo—

147 2965 229 3010 cassc
258 2946 366 3011 horum
397 2946 543 3034 quosdam
575 2960 731 3035 antequam
760 2948 851 3012 homo
881 2951 1059 3034 peccaverit,
1097 2958 1126 3009 et
1155 2949 1269 3034 agmine

146 3069 225 3134 lacto
249 3093 266 3133 a
289 3071 353 3136 Deo
377 3071 544 3136 descivisse.
584 3072 660 3137 Dein
683 3086 828 3160 perpetuo
853 3095 903 3139 eos
927 3071 1004 3138 hello
1028 3073 1150 3161 fatigare
1173 3072 1268 3137 Deum

147 3199 261 3282 ipsum,
290 3211 319 3262 et
348 3217 424 3284 quos
453 3197 553 3262 feeerit
575 3197 719 3263 homines.
766 3198 882 3264 Horum
904 3202 1067 3285 principem
1090 3195 1267 3274 Beelzebub,

148 3335 302 3409 assumpto
327 3326 471 3411 serpentis
494 3345 634 3410 corpore,
659 3323 739 3389 Evae
754 3327 936 3411 persuasisse
952 3337 987 3388 ut
1002 3327 1125 3388 vetitum
1140 3323 1269 3387 fructum

148 3447 323 3514 comederet.
375 3445 509 3514 Eundem
544 3450 582 3514 ad
615 3450 695 3513 hunc
729 3471 824 3538 nsque
861 3450 936 3515 diem
965 3452 1125 3535 unicuique
1156 3449 1269 3512 homini
1346 3463 1349 3470 ’

148 3573 293 3658 subjicere
323 3574 522 3663 quodcunque
551 3575 644 3640 malae
673 3578 861 3662 cogitationis
891 3578 922 3640 in
951 3587 1063 3639 mentes
1093 3586 1210 3638 nostras
1239 3593 1270 3637 se

148 3701 289 3763 insinuet.
327 3698 417 3764 Immo
448 3703 534 3765 etiam
558 3701 658 3766 Jesum
684 3698 836 3766 Christum
865 3702 1052 3778 sollicitasse,
1082 3713 1117 3764 ut
1140 3698 1269 3763 officium

149 3845 237 3889 suum
261 3839 397 3902 exueret,
421 3839 451 3890 et
474 3840 626 3914 apostatae
648 3847 681 3891 ao
695 3826 796 3891 rebelli
813 3825 1010 3892 obedientiam
1024 3839 1157 3893 voveret.
1191 3824 1271 3890 Haeo
1339 3817 1350 3833 ⁹

150 3964 195 4015 est
222 3951 272 4015 illa
302 3950 450 4029 doctrina,
484 3974 572 4040 quam
600 3953 730 4018 Joannes
759 3965 861 4019 noster
890 3954 1035 4018 Miltonus
1064 3954 1183 4040 ingenio
1214 3969 1270 4013 suo

150 4075 379 4155 commendavit,
409 4099 447 4142 ne
475 4075 569 4142 dicam
600 4083 796 4158 consecravit3
826 4084 873 4144 eui
904 4083 929 4143 si
956 4079 1064 4143 infitias
1088 4079 1177 4140 iveris
1201 4087 1272 4138 sunt

150 4206 316 4268 etiamnunc
339 4207 416 4268 inter
439 4203 576 4270 doctores
594 4219 716 4271 nostros
733 4209 785 4293 qni
801 4204 953 4269 cerebrum
968 4202 1024 4267 sihi
1041 4205 1140 4266 excuti
1154 4212 1269 4288 putent.

149 4328 193 4394 At
220 4332 406 4408 enimvero,
438 4334 493 4395 etsi
520 4336 699 4397 concesseris
722 4335 845 4419 reperiri
868 4351 957 4417 posse
980 4327 1141 4393 nonnullos
1165 4324 1271 4391 dubiae

152 4460 335 4525 auctoritatis
366 4457 464 4535 locos,
501 4459 709 4526 translationes
739 4454 883 4547 quasdam
911 4457 958 4522 vel
987 4452 1272 4522 accommodationes

1044 4574 1060 4629 5
