3160 5170
594 391 805 500 -1-11-

135 602 242 665 litteris
259 599 424 677 mandaret,
447 603 576 686 posteris
592 601 744 666 traderet?
765 601 1005 689 Hieroglyphicis
1020 601 1094 666 illud
1110 623 1147 666 an
1161 603 1258 666 hiera·

135 729 201 789 ticis
230 726 335 790 litteris
363 737 516 790 exaratum
540 749 672 804 censeas,
703 749 740 790 an
762 729 879 814 potius,
911 727 994 814 quod
1015 727 1258 793 Rosenmiillerus

135 850 262 914 fidenter
288 854 509 938 pronuntiavit,
541 853 610 916 »illa
638 855 775 916 morituri
798 855 998 942 progenitoris
1022 854 1125 917 ultima
1147 867 1220 916 vota
1242 873 1259 915 a

135 975 202 1040 filiis
227 997 342 1040 summa
365 977 421 1042 fide
446 991 475 1042 11
497 978 648 1065 relligione
672 991 860 1055 conservata,
885 991 914 1042 et
930 1001 946 1041 a
962 978 1086 1066 singulis
1106 977 1143 1041 ad
1157 990 1260 1064 poste·

134 1125 186 1165 ros
210 1116 378 1191 propagata
401 1117 430 1166 et
452 1117 592 1190 tanquam
617 1101 735 1167 oracula
758 1101 860 1167 habita
883 1102 1015 1167 suissed«
1044 1103 1130 1190 Piget
1151 1099 1259 1188 pudet-

136 1247 194 1314 que
224 1241 284 1290 tam
312 1228 454 1315 puerilem
485 1227 655 1314 ἑρμηνείαν
683 1233 712 1292 11
742 1229 839 1293 medio
870 1229 986 1292 saeculo
1010 1241 1082 1314 post
1106 1226 1258 1292 Christum

136 1351 250 1416 decimo
279 1376 361 1418 nono
390 1354 551 1419 confutare.
600 1354 727 1431 Contra,
758 1355 916 1419 cantilenae
939 1358 1033 1440 ipsius
1056 1353 1259 1417 testimonium

136 1477 232 1541 doctis
254 1455 589 1567 hominibus'persuasit
604 1480 707 1544 Jacobi
723 1477 957 1544 benedictionem
972 1501 1085 1543 merum
1101 1499 1163 1543 esse
1178 1479 1259 1564 psal-

135 1626 232 1679 mum,
258 1607 341 1690 pium
358 1604 441 1668 illum
457 1605 575 1691 quidem
592 1619 621 1670 11
636 1606 833 1692 relligiosum3
858 1603 910 1669 sed
926 1605 992 1668 data
1009 1627 1100 1692 opera
1116 1629 1132 1668 a
1148 1608 1257 1669 seriore

136 1728 268 1815 quodam
285 1730 457 1807 confictum,
483 1743 517 1794 ut
535 1731 718 1818 singularum
733 1730 879 1805 tribuum,
906 1754 965 1817 qua
979 1744 1051 1794 tunc
1066 1744 1162 1808 erant,
1188 1753 1258 1795 con·

136 1853 280 1918 ditionem
307 1854 497 1932 describeret,
530 1868 559 1921 et
581 1856 748 1920 rationibus
772 1860 857 1943 quasi
881 1856 974 1920 allatis
998 1857 1166 1943 explicaret.
1212 1856 1258 1922 Ac

135 1977 267 2042 Ioannes
285 1979 356 2045 Chr.
372 1979 532 2058 Friedrich,
553 1985 637 2068 cujus
654 1985 928 2046 commentationem
946 1975 1011 2064 (der
1027 1981 1122 2070 Segen
1137 1982 1256 2060 Jacobs,

137 2108 200 2170 eine
216 2105 420 2194 Weissagung
444 2107 494 2170 des
517 2106 688 2193 Propheten
703 2107 836 2183 Nathan,
860 2104 1100 2189 Β1111111811)
1124 2109 1258 2172 nondum

136 2231 209 2293 mihi
224 2231 324 2295 videre
341 2236 478 2320 contigit,
498 2233 575 2295 hanc
591 2233 763 2296 cantilenam
779 2233 817 2295 ad
833 2231 1004 2296 Solomonis
1019 2245 1154 2318 tempora
1169 2246 1257 2320 atque

138 2355 176 2418 111
202 2355 367 2421 Nathanem
398 2357 576 2444 prophetam
606 2357 837 2422 transferendam
867 2360 989 2421 censuit.
1035 2356 1172 2420 Blcelrius
1203 2353 1257 2438 (111

137 2479 204 2544 libri
222 2481 368 2546 Geneseos
386 2487 513 2570 origine,
537 2483 660 2547 Bonnae
679 2479 786 2564 1830),
813 2482 947 2545 Tuchius
966 2477 1169 2562 (Kommentar
1184 2481 1257 2544 iiber

139 2605 184 2669 die
202 2606 333 2683 Genesis,
354 2603 560 2698 Η11111838),
585 2609 767 2694 Lengerhius
785 2603 927 2688 (Kenaan,
944 2604 1134 2693 Kdnigsberg
1148 2601 1256 2687 1841),

137 2745 173 2796 ut
194 2734 265 2796 mihi
288 2733 399 2798 Diestel
422 2746 526 2798 auctor
549 2747 607 2810 est,
632 2756 699 2796 nam
723 2732 790 2797 libri
814 2735 871 2818 ipsi
896 2732 1016 2809 desunt,
1042 2730 1146 2795 dacobi
1168 2730 1257 2795 benc-

138 2856 295 2921 dictionem
319 2857 357 2921 ad
378 2857 464 2922 finem
488 2859 565 2922 illius
588 2862 731 2945 temporis
755 2857 899 2934 referunt,
926 2856 1009 2944 quod
1031 2859 1061 2920 in
1079 2855 1156 2920 libro
1172 2857 1258 2921 dudi-

138 3005 204 3046 cum
229 2985 405 3048 continetur.
444 2983 505 3048 Nec
529 2981 677 3048 dubitavit
698 2983 843 3048 Henricus
863 2983 969 3049 Ewald
992 2986 1023 3047 in
1046 2983 1166 3047 eandem
1191 3005 1257 3046 sen-

136 3111 258 3171 tentiam
282 3107 443 3187 discedere,
467 3093 641 3196 praesertim
664 3111 905 3196 quandoquidem
929 3111 1072 3174 cantilena
1094 3122 1197 3174 nostra
1219 3107 1258 3172 ad

136 3233 273 3297 Deborae
297 3257 412 3298 carmen
436 3235 525 3298 etad
549 3235 694 3300 Simeonis
718 3258 764 3300 res
787 3248 885 3323 gestas
909 3239 1047 3323 respiciat
1070 3230 1257 3317 (Geschichte

138 3359 189 3422 des
205 3359 317 3424 Vollres
339 3359 443 3436 111111,
471 3358 550 3424 Gon
518 3373 602 3448 tr.ng
623 3359 718 3425 1813.
742 3361 763 3424 1.
788 3383 840 3446 pp.
857 3358 909 3435 80,
929 3355 994 3441 81).

228 3485 325 3569 Quare
355 3485 489 3572 equidem
518 3489 671 3549 statuerim
700 3485 758 3548 hoc
788 3506 903 3548 carmen
932 3495 1072 3569 regnante
1096 3481 1257 3546 Solomone

137 3614 337 3698 conscriptum
362 3633 441 3690 esse,
466 3615 633 3675 summatim
656 3614 687 3674 11
709 3609 931 3697 Prolegomeuis
956 3607 1087 3684 ostendi,
1116 3581 1258 3670 11111111-

138 3737 247 3800 siculos
272 3735 290 3800 5
316 3735 345 3800 el
370 3735 446 3801 10
437 3761 469 3800 11
498 3737 574 3801 hanc
597 3739 881 3824 argumentationem
905 3737 1001 3798 citavi.
1048 3733 1087 3797 Et
1108 3732 1257 3796 Psalmum

135 3861 313 3925 Davidicum
328 3862 424 3926 XVIII
446 3861 569 3925 indubia
592 3865 754 3925 imitatione
778 3864 924 3948 expressit
947 3861 1009 3938 ille,
1035 3864 1087 3947 qui
1108 3860 1184 3922 hanc
1206 3857 1258 3920 be-

136 3986 333 4050 nedictionem
362 3991 532 4073 composuit
554 3982 602 4069 (11.
627 4012 675 4051 vr.
696 3986 745 4064 10,
763 3985 793 4051 6.
822 3986 872 4050 Ρ1.
889 3979 999 4063 XVIII,
1019 3983 1094 4065 30.).
1141 3979 1201 4048 Sed
1227 3985 1258 4044 11

135 4116 203 4199 ipso
230 4117 355 4176 carmine
379 4112 542 4176 enarrando
566 4113 642 4175 hanc
666 4115 836 4198 opinionem
860 4111 955 4174 fusius
980 4108 1168 4174 confirmabo.
1216 4106 1259 4170 At

137 4241 214 4300 enim
230 4259 302 4301 vero
325 4237 388 4302 fieri
410 4250 525 4325 potest,
550 4251 585 4301 ut
602 4235 763 4301 Solomone
786 4249 928 4324 regnante
944 4249 1002 4300 tam
1020 4233 1182 4299 Jasharana
1197 4232 1259 4318 syl·

135 4361 219 4472 loge,
245 4383 333 4449 quam
355 4363 428 4427 haec
451 4363 594 4427 cantilena
614 4363 718 4427 11111111
733 4361 932 4438 mandaretur,
956 4359 1046 4445 idque
1062 4360 1201 4435 seorsim3
1224 4368 1259 4419 ut

135 4490 242 4552 merito
266 4489 373 4576 aliquis
395 4493 560 4576 rogaverit,
586 4511 647 4575 quo
665 4469 734 4573 jure
755 4486 883 4554 nobilem
901 4488 981 4552 hune
999 4485 1169 4574 psalmum
1161 4505 1192 4546 m
1207 4483 1258 4545 illo

936 4597 948 4613 '¹
1011 4605 1046 4663 13
