3172 5186
623 303 833 414 „Q

163 513 314 602 populum
336 513 463 602 aliquem
484 517 516 578 in
538 513 652 600 specie}
683 516 735 601 qui
756 525 855 580 mmeu
877 516 909 580 h.
924 517 944 580 I.
969 528 1046 581 esset
1068 514 1285 604 intelligendus,

166 642 191 702 si
215 639 254 704 ad
277 637 484 715 Salomonem,
508 661 607 726 regem
629 637 841 715 Israelitarum,
872 653 977 706 auctor
1000 652 1170 729 spectasset.
1205 639 1285 728 Ergo

165 763 311 829 Davidem
334 763 370 828 de
392 764 503 828 Messia
525 762 582 828 sibi
604 767 764 851 promisso,
793 785 999 852 quamcunque
1022 765 1059 829 de
1082 787 1117 830 eo
1142 767 1287 853 coguitio-

165 910 232 952 nem
263 887 414 966 babuerit,
445 911 506 952 uon
534 889 570 953 de
594 911 649 954 suo
673 892 767 977 ipsius
790 890 851 953 filio
876 889 1034 954 etheredo
1057 890 1287 954 Iocutumesse.

165 1013 264 1078 Facile
287 1026 332 1078 cst
354 1005 504 1078 intelldctu
525 1036 623 1103 regem
647 1018 728 1079 senio
753 1014 934 1092 confectum,
968 1037 1059 1103 quum
1082 1026 1207 1078 mortem
1230 1013 1288 1078 sibi

165 1141 409 1226 appropinquare
438 1139 566 1216 videret,
603 1153 632 1204 ct
661 1137 700 1203 ad
727 1143 805 1204 vitae
836 1162 905 1205 suae
937 1139 1092 1204 decursum
1119 1142 1286 1226 respiceret,

165 1264 261 1327 multa
271 1238 521 1341 recordaturum,
547 1285 622 1350 quae
645 1268 742 1328 miuus
764 1264 854 1342 bene,
878 1269 967 1328 immo
991 1265 1138 1353 flagitiose
1160 1263 1286 1330 fecisset.

167 1387 269 1470 Quum
292 1391 383 1476 igitur
406 1402 484 1454 esset
505 1389 597 1454 homo
622 1411 735 1452 summa
758 1392 880 1475 pietate,
910 1390 1010 1454 indole
1033 1411 1101 1454 vere
1124 1388 1288 1454 Jasharana

166 1525 205 1588 et,
231 1511 269 1576 ad
282 1513 464 1600 relligionem
480 1513 562 1601 quod
578 1517 691 1590 attinet,
716 1513 817 1576 divino
834 1517 942 1599 spiritu
957 1513 1085 1591 afflatus,
1110 1535 1172 1578 uon
1186 1516 1289 1600 potuit

166 1659 230 1700 non
251 1640 417 1724 perspicere
439 1637 518 1701 illam
542 1637 737 1715 sanctitatem,
762 1660 850 1724 quam
874 1652 959 1704 antea
982 1635 1025 1722 (in
1042 1639 1161 1703 Psalmo
1177 1633 1286 1719 XVIII)

166 1775 308 1849 tanquam
331 1784 397 1827 curu
418 1785 473 1828 sua
486 1763 636 1850 probitate
653 1764 837 1850 conjunctam
853 1763 1060 1850 praedicasset,
1085 1785 1174 1851 wem
1189 1775 1288 1827 autem

167 1885 249 1951 Deus
269 1887 434 1952 dasharano
456 1889 572 1976 populo
595 1892 790 1976 promisisset,
815 1902 867 1954 aut
888 1893 942 1954 uni
965 1902 1017 1954 aut
1038 1892 1147 1953 nemini
1171 1887 1286 1965 deberi3

168 2016 192 2077 ei
217 2013 326 2077 sufficet
340 2035 428 2100 quem
443 2012 525 2077 Deus
540 2018 651 2100 peccati
667 2017 849 2079 immunitate
866 2014 999 2078 donaret.
1028 2013 1180 2078 Praesidit
1196 2017 1289 2101 igitur

168 2150 327 2202 venturum
342 2136 502 2225 ahquaodo
518 2160 621 2204 verum
635 2139 924 2227 Melchitzcdequum
939 2140 987 2203 vel
1001 2138 1146 2204 hednae
1159 2141 1287 2226 Regem,

169 2266 221 2349 qui
236 2264 319 2327 velut
339 2263 385 2327 sol
408 2285 542 2329 recreans
567 2267 699 2329 oriturus
716 2278 801 2341 esset,
827 2268 879 2352 qui
897 2267 1069 2328 Intaminata
1083 2265 1147 2329 luce
1163 2263 1289 2352 fulgeret

169 2387 326 2473 dispellens
348 2387 451 2452 nubila
465 2391 630 2476 pravitatis,
655 2389 740 2474 cujus
755 2387 831 2453 radii
847 2390 1000 2452 sanitatem
1016 2388 1186 2453 homiuibus
1203 2388 1290 2452 alfer-

168 2525 234 2577 rent
257 2507 339 2594 (Mal.
355 2513 400 2589 III,
419 2508 485 2595 20),
511 2516 595 2600 cujus
619 2516 758 2600 auspiciis
781 2513 872 2578 homo
896 2516 1002 2578 iterum
1027 2509 1104 2617 ’1Ψῖ
1119 2513 1211 2590 fieret,
1236 2515 1289 2599 qui

169 2637 311 2702 carnalem
342 2636 488 2704 humanae
516 2652 638 2703 naturae
661 2642 822 2726 nequitiam
845 2641 930 2726 quasi
953 2641 1020 2727 igne
1044 2636 1185 2703 aurifabri
1208 2659 1289 2701 com·

167 2763 302 2840 haereret,
332 2766 417 2850 quasi
441 2786 552 2851 sapone
575 2764 721 2828 fullonum
744 2765 854 2829 elueret
876 2777 905 2828 et
928 2764 1070 2851 eliquaret
1093 2759 1176 2845 (Mal.
1191 2762 1237 2841 III,
1256 2747 1302 2826 3(

167 2888 228 2954 les.
244 2889 266 2966 I,
283 2886 336 2965 25,
353 2887 406 2965 28,
423 2884 489 2971 31),
513 2892 565 2977 qui
589 2911 681 2977 quum
700 2889 802 2976 justos
826 2911 858 2953 ac
880 2892 948 2977 pios
964 2887 1098 2953 homiues
1114 2887 1153 2952 ad
1167 2891 1289 2952 immor·

168 3015 256 3078 talem
277 3016 369 3077 vitam
391 3013 576 3091 conduceret,
604 3017 712 3102 impios
736 3027 833 3080 autem
857 3028 886 3080 et
909 3014 1038 3079 carnales
1060 3027 1202 3101 tanquam
1225 3035 1289 3077 sca-

167 3137 277 3204 bellum
299 3137 407 3227 pedum
432 3161 554 3204 suorum
577 3141 762 3208 conculcaret
777 3138 840 3222 (Ps.
858 3139 922 3217 CX,
942 3138 970 3205 I.
994 3139 1064 3205 Mal.
1081 3139 1127 3217 III,
1145 3136 1211 3222 21),
1237 3141 1289 3226 qui

169 3286 261 3352 worn
284 3263 329 3329 far
343 3266 415 3330 utile
438 3268 469 3328 io
491 3264 632 3329 horreum
652 3279 857 3354 ,congregaret
881 3267 990 3353 paleas,
1015 3267 1155 3342 zizanias,
1179 3277 1209 3328 ct
1227 3266 1290 3351 spi·

169 3413 222 3453 uas
245 3393 307 3477 igni
329 3390 549 3478 inextinguibili
572 3389 758 3456 combureret
781 3387 901 3472 (March.
917 3390 962 3467 Ill,
983 3385 1047 3471 12).

489 3757 529 3822 IN
553 3755 763 3824 CANTICUM
788 3753 966 3823 SEXTUM.

257 4016 365 4080 Veram
380 4015 472 4080 fuisse
482 4015 656 4104 Rudiugeri,
676 4013 781 4091 Grotii,
798 4014 982 4100 aliorumque
998 4014 1181 4088 sententiam,
1198 4028 1288 4095 quam

168 4141 336 4219 Michaelis,
360 4141 498 4218 Datths,
522 4140 781 4204 Rosenmuellerus
804 4138 976 4226 repudiant,
1005 4159 1068 4201 csse
1091 4137 1150 4200 hoc
1172 4154 1289 4198 carmen

169 4266 300 4352 nuptiale
323 4269 385 4331 sive
409 4267 637 4353 epithalamium,
666 4264 749 4353 quod
772 4262 943 4328 Solomonis
967 4281 1033 4326 cum
1056 4264 1134 4348 regis
1156 4259 1289 4346 Aegypti

169 4390 238 4468 filia,
262 4412 359 4456 uxore
381 4392 445 4475 ejus
468 4395 640 4480 praecipua,
670 4393 790 4477 nuptias
814 4401 900 4454 canat
922 4382 953 4470 (1
971 4387 1045 4473 Reg.
1061 4385 1113 4461 III,
1133 4381 1174 4465 1),
1200 4405 1290 4471 argu-

1021 4503 1076 4561 21*
