3166 5178
725 373 761 426 111

644 452 853 464 ἡ

187 565 218 629 p.
235 539 321 627 107).
355 543 438 610 Hine
460 543 533 610 illae
556 543 729 629 laerymse!
758 541 832 610 hine
855 543 1017 612 fastiditae
1040 545 1132 630 qnasi
1161 546 1301 614 mulieris

187 649 378 734 indignatio!
401 651 483 716 Nam
498 651 531 716 iu
546 651 646 717 altera
659 671 751 718 meae
765 650 998 718 dissertationis
1004 647 1027 738 ¹)
1043 653 1155 719 notitia
1166 653 1208 720 ad
1219 652 1301 720 hane

187 765 313 842 spretae
340 757 565 824 admonitionis
593 757 740 843 injuriam
768 759 946 842 revertitur,
970 765 1002 826 et
1030 759 1170 826 saraiam
1196 759 1300 827 inanis

186 865 286 930 animi
299 865 470 930 vanitatem
493 871 602 950 aperte
623 870 763 932 testatur.
792 863 913 941 Quodsi
935 867 968 931 in
989 867 1174 934 relationem
1197 867 1301 952 ipsam

186 972 368 1057 aspieimus,
390 990 454 1037 neu
477 971 521 1038 ibi
539 971 634 1056 probi
650 971 770 1057 judieis
792 970 980 1038 iudustriam
1002 993 1219 1058 agnosoemus,
1242 973 1299 1040 sed

185 1079 393 1165 petulantiam
416 1077 552 1144 hominis
570 1079 625 1162 qui
645 1079 765 1145 nullum
785 1078 1005 1162 obloquentem
1028 1080 1110 1148 ferre
1132 1086 1300 1166 potestat

186 1186 364 1270 quiounque
386 1185 488 1270 ipsius
512 1185 699 1252 sententiam
723 1185 963 1270 impugnaverit,
986 1206 1059 1253 eum
1081 1185 1205 1255 infense
1226 1187 1299 1254 odio

185 1293 394 1379 prosequitur.
423 1286 512 1358 Dixit
526 1291 691 1359 Ewaldust
716 1288 814 1372 edric
829 1288 911 1376 doe!
935 1311 1010 1378 ergo
1025 1299 1152 1360 taeeant
1173 1296 1299 1379 gentes!

186 1401 250 1467 Bos
264 1399 441 1486 Aegyptius
463 1400 585 1466 loeutus
600 1399 664 1466 est!
688 1419 763 1482 ergo
780 1399 926 1465 universo
941 1400 1032 1485 gregi
1046 1401 1239 1487 praecipitur
1258 1421 1299 1468 ne

184 1507 306 1591 mugire
322 1506 474 1574 audeant!
490 1507 632 1574 Judaeus
641 1506 753 1592 Apollo
770 1507 929 1573 oraculum
944 1506 1059 1573 edidit!
1075 1527 1150 1592 ergo
1165 1507 1298 1592 genibus

183 1614 252 1679 nixi
273 1616 370 1682 verba
398 1620 600 1681 saerosanota
621 1612 835 1680 venerabundi
861 1614 1069 1699 aeoipiamus!
1107 1613 1217 1682 Nonne
1239 1614 1300 1682 hoe
1389 1613 1393 1618 ’

183 1721 337 1807 seriptum
358 1728 408 1788 est
429 1722 463 1786 in
484 1721 603 1787 Diariis
627 1719 928 1803 Goettingensibus‘l
954 1719 1039 1797 Quid
1060 1727 1159 1787 restat
1179 1721 1243 1788 nisi
1264 1729 1299 1789 ut

183 1829 403 1896 exosoulemur
423 1827 565 1894 divinum
589 1827 739 1911 oodieem,
762 1825 905 1893 afflatum
931 1827 1062 1895 eaelesti
1082 1827 1232 1894 numine?

213 2010 215 2015 ¹
249 1934 352 2013 Quam
375 1935 553 2021 imperiose,
577 1953 671 2018 quam
695 1934 877 2018 ineensulte,
900 1953 996 2017 quam
1018 1933 1129 2002 leviter
1143 1935 1298 2003 Heurious

182 2043 296 2110 Evald
318 2063 480 2110 oensorem
503 2048 586 2126 agat,
607 2047 801 2127 quantopere
823 2041 903 2108 alies
927 2046 1113 2124 eontemnat,
1136 2033 1231 2126 quam
1254 2043 1299 2109 in·

183 2150 298 2234 dignos
314 2150 410 2216 dueat
424 2149 479 2233 qui
494 2168 557 2215 uua
572 2168 680 2219 seeum
702 2149 841 2216 litterata
855 2149 932 2216 urbe
948 2147 1030 2214 iutra
1045 2148 1157 2215 eadem
1173 2149 1298 2242 moenia

182 2277 284 2341 aequo
302 2257 375 2343 jure
391 2257 542 2339 beantur,
565 2263 749 2340 argumento
766 2256 808 2322 sit
822 2255 902 2322 haee
917 2255 989 2340 ipsa
1005 2255 1184 2341 seriptionis
1207 2277 1298 2324 meae

182 2365 301 2432 relatio.
329 2365 410 2431 Nam
427 2383 523 2447 quum
548 2363 643 2430 nullis
664 2363 791 2430 omniuo
807 2362 933 2428 iudieiis
957 2368 988 2429 et
1007 2362 1196 2430 testimoniis
1214 2363 1298 2448 judi·

183 2472 265 2538 oium
280 2471 359 2538 illud
373 2491 464 2538 suum
480 2476 644 2556 praestare
659 2470 808 2554 dignatus
824 2469 874 2551 sit,
890 2469 937 2535 sie
947 2469 1084 2551 loquitur
1096 2489 1136 2536 ex
1147 2470 1298 2538 cathedra

183 2579 223 2646 de
246 2599 305 2662 me,
327 2578 391 2662 qui,
412 2577 595 2662 praedseini
617 2576 761 2660 dixerim,
784 2595 847 2642 non
869 2575 1021 2641 minorem
1037 2575 1169 2643 Eualdo
1192 2577 1297 2644 sabim

181 2684 373 2770 philologiae
387 2704 516 2770 operam
533 2705 583 2752 me
598 2703 735 2750 navasse
749 2683 895 2750 arbitror:
907 2681 1058 2768 „scilieet
1066 2702 1169 2748 meum
1183 2683 1297 2749 librum

182 2775 259 2859 satis
282 2789 451 2858 refutatum
474 2812 546 2858 esse
568 2790 655 2876 apud
677 2790 795 2877 peritos
812 2788 948 2874 judiees,
965 2788 1080 2875 siquis
1103 2788 1190 2874 ipsos
1213 2789 1298 2876 eapi-

181 2899 316 2966 tulorum
338 2899 446 2964 titulos
460 2899 514 2965 vel
533 2897 719 2965 brevissime
737 2889 983 2979 reeitaverit“²)3
1007 2915 1134 2980 „meum
1150 2904 1296 2964 nonatum

179 3025 309 3092 prorsus
332 3006 375 3071 ad
397 3005 518 3072 irritum
534 3004 702 3089 eeeidisse3
724 3011 756 3071 et
770 3023 866 3086 quum
887 3008 1050 3087 appareat,
1067 3021 1162 3085 quam
1178 3011 1296 3072 temere

181 3119 213 3179 et
235 3113 414 3197 ignoranter
436 3133 487 3178 res
514 3112 656 3196 singulas
678 3111 886 3193 traotaverim,
911 3115 1104 3195 quantopere
1127 3113 1296 3179 erraverim

180 3225 246 3286 tam
273 3221 307 3284 in
328 3218 489 3286 vocabulis
513 3239 608 3302 quam
631 3219 664 3283 in
685 3217 763 3284 loeis
786 3217 997 3302 explicandis,
1021 3223 1053 3284 et
1075 3235 1171 3300 quam
1196 3239 1296 3286 novas

166 3315 350 3409 *futilesque
373 3326 620 3411 significationes
635 3324 835 3410 protulerim,
851 3324 1009 3391 neminem
1029 3324 1166 3408 amplius
1189 3325 1296 3392 mirari

180 3453 284 3519 posse,
301 3433 387 3516 quod
409 3433 452 3500 ad
471 3447 629 3500 summum
648 3439 715 3498 tam
729 3452 911 3517 perversam
932 3430 1120 3498 sententiam
1140 3432 1296 3516 exeogita-

234 3628 255 3693 ¹)
267 3623 441 3682 Jahrbiieher
451 3625 479 3681 d.
491 3624 563 3680 Bibl.
572 3621 782 3680 Wissensohaft.
796 3621 874 3678 1855.
885 3638 914 3692 p.
924 3623 989 3678 126:
1007 3621 1117 3694 ,Ueber
1128 3623 1223 3678 diesen
1235 3639 1295 3695 gro

139 3695 145 3708 ⁸
180 3712 240 3769 lsen
252 3713 319 3770 aber
329 3713 551 3784 vernngliiekten
559 3712 693 3782 Versneh,
707 3713 756 3768 das
768 3712 806 3767 im
818 3711 853 3767 A.
863 3712 895 3768 Τ.
909 3710 1032 3768 uweimal
1044 3710 1207 3782 angelithrte
1219 3714 1296 3769 Boot

180 3803 279 3858 Jerbas·
295 3801 583 3859 wiederherzustelleu
599 3803 657 3858 und
671 3817 706 3857 au
719 3801 853 3870 erkltren,
870 3799 942 3857 habe
959 3799 1005 3855 ieh
1024 3800 1054 3856 in
1066 3801 1120 3857 deu
1135 3800 1204 3857 Gttt
1216 3801 1249 3857 G.
1258 3801 1295 3856 A.

181 3890 258 3960 1855,
277 3890 306 3946 S.
319 3891 460 3947 leb-158
478 3894 508 3948 sb
520 3890 664 3948 bestimmt
680 3891 739 3946 und
756 3892 787 3946 sb
800 3887 969 3945 ausfflhrlieh
981 3890 1103 3960 geredet,
1122 3888 1182 3946 dats
1195 3905 1225 3946 es
1235 3888 1296 3946 hier

179 3981 276 4036 veiter
293 3980 389 4036 keiner
402 3981 497 4037 Worte
509 3981 628 4036 dardber
638 3977 744 4036 beduri.
772 3979 839 4034 Hier
850 3977 1000 4036 bemerlren
1011 3979 1062 4042 vvir
1073 3995 1126 4033 nur
1136 3977 1217 4047 uoob,
1235 3977 1296 4036 dass

179 4070 229 4126 der
238 4067 284 4125 Vt.
294 4069 471 4140 wohlgethun
481 4068 572 4126 baben
583 4068 686 4138 vdrdq
697 4084 779 4124 werin
791 4081 821 4122 er
832 4067 878 4122 die
889 4065 947 4122 ihm
960 4066 1046 4122 sehon
1058 4067 1180 4122 vervier
1191 4065 1295 4123 Jahren

179 4158 209 4213 in
226 4157 322 4213 diesen
333 4157 450 4214 Jubrbb.
462 4158 511 4228 111,
528 4157 556 4214 S.
566 4157 619 4214 205
630 4155 651 4213 f.
669 4155 992 4226 auseinaudergesetrten
1005 4154 1184 4212 Wuhrheiten
1200 4154 1295 4212 besser

178 4245 308 4302 beaehtet
324 4245 425 4303 natta“
1340 4278 1343 4281 -

232 4336 255 4401 ²)
279 4351 307 4404 p.
322 4336 387 4392 152:
409 4336 480 4407 ,stit
503 4335 594 4392 dieser
611 4333 829 4404 Ausaeiebnung
850 4332 941 4388 haben
964 4332 1015 4388 vvir
1037 4331 1068 4386 iu
1090 4331 1140 4387 der
1156 4329 1230 4388 'Ibat
1249 4331 1295 4388 die

179 4423 379 4494 Beurtheilung
396 4425 446 4480 des
457 4424 575 4481 Werlres
592 4425 660 4481 Hm.
678 4422 862 4482 Donaldson’s
878 4419 923 4480 bit
940 4419 993 4480 alle
1011 4418 1193 4480 thkmner
1210 4419 1293 4478 sebon

180 4529 211 4572 so
228 4517 280 4585 gut
296 4514 337 4572 als
355 4513 511 4585 beandigt“
