3152 5160
785 334 860 410 140

261 521 452 635 peregerunt,
476 567 545 610 nam
568 544 780 612 dedicationem
803 565 870 610 arae
893 566 946 629 per
969 557 1081 632 septem
1105 546 1167 612 dies
1186 536 1380 626 celebrabant,

262 670 366 738 deinde
394 672 518 768 totidem
547 671 607 736 dies
637 671 744 737 festum
770 669 1049 736 tabernaculorum«
1074 666 1108 754 (2
1129 672 1225 738 Paral.
1244 673 1312 751 Vll,
1336 669 1381 757 9).

260 797 351 887 Ergo,
376 801 400 862 si
424 801 541 884 quaeris
565 819 693 885 quonam
718 794 765 862 die
781 794 905 862 Solomo
922 817 1018 862 arcam
1034 795 1160 863 foederis
1177 801 1208 863 in
1222 798 1383 887 tranquilla

261 923 329 994 sede
359 922 474 988 demum
505 923 707 1000 collocaverit,
736 933 819 1008 patet
847 945 885 988 ex
914 923 969 988 hac
997 925 1164 988 narratione
1193 923 1269 988 diem
1298 925 1381 991 illum

261 1062 398 1115 octavum
428 1048 519 1114 luisse
549 1048 624 1113 diem
653 1047 804 1114 aedoeon
825 1049 989 1136 septimum
1010 1050 1122 1115 menete
1144 1049 1273 1135 septimi.
1321 1048 1382 1116 Sed

261 1175 334 1262 quid
357 1178 398 1241 ait
420 1178 549 1262 scriptor
563 1174 746 1240 Jasharanus
770 1174 806 1239 de
820 1170 936 1240 Noaohi
951 1174 1094 1263 navigio?
1116 1175 1301 1262 »Requieoe't
1314 1196 1381 1242 arca

203 1359 212 1374 ,
260 1323 359 1366 mense
381 1302 520 1386 septimo,
545 1299 662 1366 decimo
684 1301 812 1385 septimo
836 1299 887 1366 die
909 1321 1000 1387 super
1016 1310 1133 1366 montes
1147 1299 1275 1366 Arctet«
1292 1296 1378 1382 (Gen.

260 1427 340 1504 VIII,
357 1421 402 1508 4).
438 1423 517 1490 Num
539 1438 628 1512 putas
651 1424 727 1490 hanc
750 1427 856 1512 quietis
880 1428 911 1490 in
934 1447 1048 1490 summo
1072 1437 1171 1490 monte
1190 1425 1380 1514 signIficatio·

260 1576 340 1632 nem,
373 1574 449 1640 quae
476 1551 743 1637 decimoseptimo
769 1550 819 1615 die
841 1551 963 1637 septimi
984 1551 1097 1615 mensis
1125 1555 1268 1629 eveniret,
1299 1573 1378 1629 casn,

260 1702 297 1745 an
326 1682 428 1768 potius
457 1677 604 1744 industria
632 1675 784 1742 confictam
815 1675 900 1742 esse?
935 1674 969 1741 Si
995 1697 1098 1741 verum
1127 1688 1185 1753 est,
1217 1690 1251 1742 ut
1280 1676 1377 1755 eredo,

147 1868 151 1878 ,
258 1806 455 1870 lasharanum
477 1802 585 1874 librum
608 1801 664 1868 sub
681 1800 843 1867 Solomone
865 1801 977 1889 publici
996 1802 1074 1889 juris
1089 1801 1198 1868 lactum
1214 1823 1294 1881 esse,
1317 1824 1380 1868 non

259 1931 413 1996 verisimile
442 1929 495 1993 sed
523 1941 634 1994 certum
662 1940 707 1992 est
729 1930 826 1992 virum
856 1931 976 2031 tttytttt
1006 1950 1068 1992 non
1095 1931 1231 2014 potuisse
1255 1927 1291 1994 de
1314 1922 1377 2021 [1],

260 2059 344 2144 eujus
367 2076 435 2120 area
457 2058 536 2157 Πξῐῇ
559 2075 649 2140 super
672 2065 771 2118 monte
795 2051 841 2116 die
865 2022 968 2118 eodem
983 2051 1114 2138 ejusdem
1130 2057 1238 2118 mensis
1253 2057 1379 2120 mentio·

258 2204 325 2248 nem
347 2179 441 2244 lacere
463 2183 526 2244 sine
550 2179 610 2243 ulla
633 2181 810 2266 cogitatione
834 2178 870 2244 de
893 2201 924 2243 se
948 2199 1061 2264 suaque
1077 2177 1259 2246 dedicatione
1274 2179 1378 2246 eodem

260 2307 306 2372 die
329 2305 429 2372 eadem
452 2303 664 2393 significatione
687 2301 831 2369 celebrata
848 2307 1053 2370 intermontes
1071 2304 1202 2372 Tsionis.
1238 2303 1272 2372 Si
1287 2309 1379 2394 igitur

258 2432 339 2496 nulla
362 2431 418 2496 alia
441 2429 601 2496 similitudo
625 2428 832 2507 intercederet,
856 2430 928 2496 haec
950 2433 1016 2517 ipsa
1036 2433 1191 2498 consensio
1214 2435 1285 2498 satis
1301 2445 1379 2498 osset

259 2559 296 2624 ad
310 2579 410 2623 veram
424 2553 577 2623 Noachani
599 2558 727 2622 nominis
743 2569 773 2621 et
787 2555 856 2621 sacti
871 2559 1142 2644 interpretationem
1158 2557 1376 2624 enucleandam.

347 2683 408 2748 Sed
429 2695 543 2750 restant
566 2683 783 2770 quamplurima
809 2680 940 2766 ejusdem
962 2686 1005 2748 rei
1028 2686 1205 2751 testimonia.
1244 2683 1378 2750 Primum

257 2832 366 2878 nomen
388 2808 471 2886 illud,
495 2813 597 2911 '73¹3’
623 2828 683 2894 quo
702 2805 817 2873 Noaohi
840 2811 991 2896 navigium
1016 2809 1196 2897 designatur,
1221 2811 1259 2876 ad
1281 2823 1376 2876 tutam

256 2934 453 3000 Israelitarum
477 2955 515 2998 ex
536 2931 677 3023 Aegypto
701 2931 802 3020 lugam
830 2946 951 3020 spectat.
998 2933 1073 2999 Nam
1098 2947 1209 3001 certum
1232 2938 1376 3002 osthane

257 3081 368 3138 vocem,
393 3081 468 3146 quae
483 3058 530 3124 bis
546 3071 662 3124 tantum
679 3072 850 3147 usurpatur,
876 3059 912 3124 de
934 3081 1001 3124 area
1016 3058 1131 3126 Noaohi
1147 3056 1233 3143 (Gen.
1250 3061 1301 3140 Vl,
1321 3059 1374 3146 lt)

257 3199 286 3252 et
309 3186 344 3251 de
367 3186 466 3250 arcula
487 3189 518 3250 in
542 3206 601 3271 qua
616 3184 717 3250 lllloscs
736 3207 811 3271 puer
835 3189 990 3272 expositus
1015 3199 1060 3250 ost
1083 3181 1152 3267 (le.
1169 3187 1202 3264 Il,
1220 3185 1250 3263 3,
1268 3183 1312 3271 5),
1337 3187 1374 3253 ad

255 3312 386 3399 linguam
400 3312 579 3400 Aegyptiam
601 3309 782 3376 referendam
805 3333 879 3377 esse.
913 3313 946 3376 ln
964 3315 1056 3377 veteri
1074 3315 1149 3377 enim
1165 3313 1374 3401 Aegyptorum

256 3459 398 3514 sermone,
422 3450 457 3501 ut
478 3440 509 3501 in
532 3440 694 3502 recentiore
711 3434 835 3524 Coptica
859 3437 994 3515 dialecto,
1018 3438 1087 3502 teba
1110 3451 1155 3503 est
1178 3459 1262 3522 arco,
1288 3441 1372 3525 emta,

256 3564 302 3627 vel
324 3561 534 3650 eoeoptapee
556 3556 637 3644 (vide
660 3561 791 3639 Bunsen,
815 3561 925 3652 Egypt.
940 3563 962 3626 l.
984 3584 1052 3650 pag.
1069 3561 1145 3628 482.
1168 3587 1218 3628 no.
1237 3561 1300 3630 517
1326 3567 1371 3631 ed.

254 3683 368 3775 Argi).
421 3687 486 3752 lam
515 3708 602 3766 vero,
640 3691 692 3774 qui
719 3689 869 3776 Aegygtia
905 3688 1010 3775 cymba
1045 3688 1136 3776 elapsi
1165 3703 1249 3768 sunt,
1285 3694 1306 3756 ii
1334 3714 1373 3757 ex

254 3814 394 3902 Aegypto
429 3811 528 3900 lugam
564 3826 738 3900 capessunt;
778 3815 938 3900 quinetiam
971 3818 1067 3904 203,
1106 3819 1264 3902 mysticum
1298 3816 1371 3882 illud

253 3938 385 4026 Aegypti
408 3959 580 4026 cognomen,
606 3937 642 4002 ab
664 3940 794 4024 antiquis
810 3937 1019 4026 interpretibus
1034 3939 1104 4004 lobi
1120 3935 1243 4021 (XXVI,
1264 3938 1316 4024 12)
1333 3942 1372 4007 ad

253 4064 481 4130 tumultuantem
504 4067 591 4128 maris
615 4067 756 4151 impetum
779 4061 913 4143 refertur,
943 4067 1024 4131 etin
1047 4066 1113 4130 loco
1138 4066 1258 4133 classico
1283 4090 1371 4156 quem

128 4221 133 4235 ι
253 4189 330 4255 inira
353 4187 507 4277 explicabo
532 4183 594 4271 (Ps.
611 4187 741 4267 LXVIII,
759 4184 830 4272 23),
855 4190 929 4258 illud
951 4194 1049 4279 ipsum
1073 4215 1203 4271 carmen,
1233 4193 1316 4281 quod
1339 4197 1369 4258 in

254 4314 426 4381 Solomonei
447 4314 550 4402 templi
573 4313 785 4382 dedicationem
805 4321 1016 4406 scriptumest,
1041 4322 1083 4384 sic
1097 4319 1231 4408 loquitur
1247 4319 1283 4386 de
1297 4341 1369 4405 pro·

195 4503 198 4512 ,
252 4443 343 4506 missa
363 4411 500 4508 Israelitis
523 4441 748 4529 tranquillitate:
