3152 5160
809 287 860 364 86

458 507 503 570 Eo
527 509 593 593 ipso
619 503 680 582 die,
706 526 765 591 quc
790 503 822 569 id
844 504 1145 588 Deuspraeceperat.

242 645 376 692 Gen-XVII·
389 644 437 705 [24]
458 629 647 697 Abrahamus
664 651 734 694 vero
752 651 861 693 annum
877 627 984 716 agebat
998 626 1285 702 undecentesimum,
1306 645 1398 712 quum

919 775 949 817 se
974 751 1168 826 circumcidit,

389 895 437 954 [ee]
459 879 619 943 lshmaelus
643 891 740 942 autem
764 900 874 942 annum
896 879 1017 941 tertium
1039 875 1194 940 decimum.

390 1017 437 1078 [aa]
458 1001 571 1067 Eodem
596 1004 641 1067 die
666 1005 827 1066 circumcisi
851 1014 921 1065 sunt
943 1001 1132 1065 Abrahamus
1157 1014 1186 1064 et
1207 999 1385 1076 lslunaelus,

462 1126 570 1191 Omnes
589 1129 665 1190 servi
684 1128 748 1210 ejus
765 1129 826 1189 sive
843 1125 991 1189 vernaculi
1008 1128 1070 1189 sive
1086 1127 1176 1212 empti
1192 1147 1209 1188 a
1223 1128 1397 1212 peregrinis.

226 1233 280 1280 Gen.

289 1235 351 1285 ω’
369 1239 602 1355 1'ffi'Visitavit
624 1264 722 1315 autem
744 1245 860 1316 Jchcva
883 1249 988 1315 Seram
1011 1253 1088 1314 sicut
1109 1251 1300 1337 promiserat,

460 1377 499 1440 Et
520 1376 667 1462 implevit,
693 1397 768 1461 quae
791 1375 909 1439 locutus
934 1388 1005 1438 erat.

407 1515 439 1575 [a]
462 1500 664 1588 Concepitquc
688 1521 721 1563 ac
744 1503 859 1586 peperit
881 1499 975 1563 filium
997 1497 1169 1567 Abrahamc
1195 1501 1226 1563 in
1246 1511 1399 1572 vsenectute

919 1623 982 1709 ejus

460 1751 506 1815 Ec
529 1764 662 1836 tempore
686 1772 746 1836 quo
770 1749 851 1813 Deus
874 1747 1071 1836 praedixerat.

408 1889 440 1949 [a]
461 1875 648 1961 Vocavitque
663 1874 853 1938 Abrahamus
876 1896 984 1938 nomen
1006 1873 1074 1950 lilii,
1100 1895 1186 1960 quem
1205 1876 1231 1938 ci
1246 1887 1401 1960 pepererat

921 1997 1010 2074 Sara,
1034 1998 1133 2064 Isaac.

408 2135 441 2197 [4]
462 2123 562 2209 Atque
586 2144 652 2186 cum
675 2135 780 2186 octavu
798 2121 859 2198 die,
885 2123 1134 2209 quemadmodum
1148 2123 1229 2188 Deus
1245 2146 1401 2211 praecepe-

658 2215 661 2222 .
919 2261 980 2324 rat,
1005 2247 1194 2314 circumcidit.

410 2388 441 2441 [⁵]
464 2371 671 2460 Compleverat
686 2393 756 2436 vero
773 2370 962 2436 Abrahamus
984 2394 1094 2438 annum
1116 2376 1305 2438 centesimum
1321 2385 1401 2438 acta-

920 2499 959 2560 tis
983 2519 1067 2574 suae,

465 2621 564 2706 Quum
588 2625 613 2684 ei
637 2634 806 2686 nasceretur
827 2622 944 2686 isaacus
967 2621 1056 2686 filius.

409 2759 442 2819 [c]
466 2746 544 2809 Tum
568 2745 645 2808 dixit
668 2744 756 2810 Sara:
781 2746 954 2810 »Laetitiam
976 2747 1049 2811 mihi
1069 2747 1208 2834 praebuit
1230 2749 1320 2813 Deus.

466 2868 641 2955 Quicunque
664 2873 742 2933 enim
765 2868 907 2948 audierit,
931 2893 1045 2936 mecum
1066 2871 1254 2939 laetabitur«

410 3007 442 3066 [a]
464 2993 654 3081 Rursumque
678 2998 733 3058 ait:
758 2995 852 3078 »Quis
875 3019 1007 3085 unquam
1030 2999 1203 3064 Abrahamo
1227 2999 1367 3077 dixisset,

464 3117 568 3182 Sanam
590 3119 667 3183 filios
690 3120 863 3186 laetaturam
887 3123 973 3186 esse?

463 3243 603 3308 Attamen
626 3247 652 3308 ei
675 3248 737 3310 seni
760 3245 852 3310 filium
873 3250 1006 3333 peperi«

409 3381 442 3442 [c]
463 3367 576 3433 Deinde
600 3391 692 3456 quum
716 3373 808 3435 crevit
829 3393 904 3457 pucr
927 3385 957 3434 et
979 3371 1142 3438 ablactatus
1166 3387 1225 3468 est,

463 3493 653 3558 Abrahamus
678 3517 711 3559 ec
737 3495 782 3559 dic
807 3518 868 3583 quo
892 3496 1055 3562 ablactatus
1079 3511 1138 3574 est,
1168 3521 1307 3587 magnum
1330 3523 1402 3564 con·

923 3624 1035 3686 vivium
1058 3627 1183 3708 paravit.

410 3756 442 3816 [a]
463 3742 508 3806 lbi
530 3756 593 3807 tum
618 3741 692 3808 Sara
709 3745 909 3832 Aegyptiacae
932 3745 1066 3834 Hagarae
1088 3747 1182 3814 filium
1204 3749 1402 3816 ludificantem

921 3871 1011 3948 vidit,

393 4005 441 4067 [ιο]
462 3993 605 4079 Dixitque
615 3992 802 4059 Abrahamc:
820 3995 919 4081 »Ejicc
934 3997 1068 4062 ancillam
1083 3999 1159 4064 hane
1174 3999 1311 4064 etlilium
1327 4001 1400 4086 ejus.

463 4117 566 4204 Neque
591 4121 666 4182 enim
690 4120 792 4186 haeres
818 4124 873 4186 erit
892 4141 957 4186 cum
972 4122 1072 4188 isaaco
1088 4123 1148 4188 lilio
1166 4146 1231 4190 mec
1247 4127 1334 4189 istius
1350 4147 1402 4189 an·

921 4247 1002 4312 cillac
1024 4248 1132 4314 iilius«

394 4378 441 4439 [ιι]
462 4366 793 4436 llludveroAbrahamo
805 4371 890 4438 valde
903 4372 1054 4460 displicuit
1064 4375 1291 4461 propterfiiium
1303 4397 1400 4440 suum.
