3172 5186
753 279 956 391 Α

299 495 420 572 mentis,
451 513 526 581 quae
548 491 635 558 aliam
658 489 890 580 qualemcunque
913 488 1096 578 hypothesin
1119 499 1266 568 evenant,
1296 486 1423 555 demon·

298 634 392 686 strare
415 618 556 684 conabor.
589 618 622 682 ln
644 620 747 705 primis
770 619 862 703 igitur
885 618 1079 680 certissimum
1099 613 1218 680 videtur
1240 615 1321 680 hunc
1335 614 1422 678 Psal-

297 765 379 810 mum
413 743 591 809 destinatum
620 763 683 806 esse
712 740 750 805 ad
778 738 931 827 eujusdam
962 744 1040 828 regis
1068 742 1188 826 nuptias
1218 737 1420 804 celebrandas.

296 869 362 956 Ipse
386 868 490 933 titulus
515 866 641 932 declarat
667 868 725 931 hoc
748 888 811 931 esse
835 867 988 930 cauticum
1011 885 1151 962 mmmmm
1174 857 1294 958 (lt'il'tl
1316 858 1421 958 pm„

298 1005 326 1057 et
350 1015 442 1079 quum
457 1006 539 1058 vates
561 995 672 1081 regiam
695 1013 835 1078 sponsam
859 991 995 1054 hortetur
1019 985 1065 1071 (v.
1086 984 1155 1070 11),
1179 1002 1214 1054 ut
1235 959 1342 1076 populi
1364 1010 1422 1076 pa-

297 1120 429 1205 triaeque
452 1117 559 1181 domus
584 1115 785 1231 olplivisoatun
811 1117 864 1179 vix
886 1113 961 1178 illud
975 1114 1032 1178 alio
1048 1127 1181 1201 ternpore
1195 1113 1313 1178 fecisset
1328 1135 1419 1200 quarn

297 1264 389 1330 quum
407 1243 470 1327 jam
492 1263 592 1308 recens
615 1244 646 1305 in
668 1243 856 1329 peregrinum
879 1239 1022 1326 palatium
1043 1241 1176 1325 ingressa
1191 1252 1282 1315 essct,
1308 1239 1420 1303 scilicet

298 1389 390 1453 quum
425 1367 548 1432 solemni
576 1388 687 1452 pompa
717 1364 873 1429 duceretur
905 1367 936 1428 iu
969 1366 1080 1450 regiam
1110 1367 1217 1428 mariti.
1263 1362 1303 1429 Ut
1330 1363 1421 1428 Mau-

296 1513 380 1557 rerus
410 1494 465 1556 ait:
501 1490 718 1555 »infirmissima
748 1502 818 1554 sunt
849 1501 1036 1576 argumente,
1066 1488 1175 1575 quibus
1204 1489 1339 1553 nonnulli
1363 1491 1420 1552 im·

296 1637 430 1704 pugnare
464 1615 585 1680 student
616 1617 789 1680 sententiam
818 1637 938 1689 corum,
976 1616 1028 1700 qui
1055 1588 1112 1701 pro
1141 1614 1329 1701 epithalamio
1359 1613 1419 1679 hoc

297 1763 411 1808 carmen
433 1739 554 1806 habent.
586 1740 729 1828 Reginam
752 1742 871 1804 nonnisi
895 1739 991 1804 obiter
1014 1751 1044 1803 et
1065 1752 1206 1826 tanquam
1228 1762 1283 1826 per
1297 1740 1419 1828 degres-

296 1848 411 1931 sioncm
438 1889 455 1930 a
482 1869 640 1954 proposito
671 1868 893 1930 commemorari
923 1864 1034 1929 dicunt.
1077 1863 1167 1946 Quasi
1192 1887 1263 1930 vero
1288 1868 1418 1952 quaein

296 1988 502 2076 duodeviginti
525 2013 665 2055 versuum
695 1994 820 2056 carmine
848 2013 901 2077 per
923 2003 1034 2076 septem
1063 1993 1195 2078 integros
1219 2013 1324 2056 versus
1352 1991 1419 2054 lau·

296 2114 385 2179 datur
400 2137 521 2202 sponsa,
545 2137 606 2180 non
630 2120 669 2180 sit
692 2119 763 2180 satis
778 2115 912 2180 laudata!
943 2113 1032 2197 Quod
1047 2115 1147 2201 paullo
1164 2115 1300 2201 pluribus
1316 2114 1417 2180 verbis

296 2253 497 2305 commoratur
511 2253 593 2306 vates
615 2244 646 2304 iu
661 2239 810 2304 laudando
826 2262 905 2326 rege,
929 2261 1018 2304 causa
1033 2253 1078 2304 est
1093 2239 1176 2326 quod
1189 2243 1300 2326 primas
1315 2253 1417 2327 partes

296 2368 357 2452 agit
378 2387 463 2430 rem«
502 2365 542 2430 Et
569 2365 607 2429 ad
629 2387 732 2430 vocem
755 2340 835 2469 Qut
858 2364 934 2430 idem
962 2363 1036 2430 benc
1063 2377 1179 2430 monet:
1213 2369 1415 2453 »quasivero

296 2511 371 2576 quae
394 2513 474 2554 uxor
494 2489 639 2556 destinata
662 2503 727 2556 cst«
757 2529 791 2540 —
818 2491 928 2575 etjam
950 2503 1045 2578 nupta
1071 2527 1107 2538 -
1135 2511 1215 2554 »nou
1236 2494 1335 2577 possit
1358 2489 1416 2554 dici

294 2615 409 2680 uxori«
434 2614 494 2680 Sed
518 2615 627 2682 dixerit
648 2616 774 2680 fortasse
799 2619 954 2702 quispiam,
980 2628 1054 2692 esto,
1078 2628 1113 2680 ut
1134 2618 1213 2702 regis
1228 2618 1350 2702 nuptiae
1366 2615 1416 2680 hic

295 2742 355 2804 sint
378 2740 553 2818 celebratae3
577 2754 608 2805 at
629 2763 692 2806 non
714 2743 850 2828 sequitur
865 2739 1058 2806 Salomonem
1080 2739 1171 2804 fuisse
1194 2743 1284 2805 istum
1304 2763 1414 2829 regern.

295 2864 344 2928 Tu
368 2887 439 2930 vero
469 2865 639 2943 considera,
668 2865 838 2930 numatius
866 2864 955 2931 luerit
976 2865 1173 2931 israelitarum
1197 2887 1266 2943 rex,
1297 2879 1415 2952 practer

294 2987 501 3067 solomonem,
533 2992 579 3054 cui
609 2994 706 3061 omnia
734 2993 765 3053 in
794 2991 853 3055 hoc
875 2994 988 3056 cantico
1017 2991 1095 3056 diota
1117 3012 1156 3055 ex
1178 2993 1318 3056 amussim
1342 3013 1414 3055 con-

293 3115 422 3176 venient.
463 3112 562 3195 Quum
590 3117 666 3178 enirn
687 3117 766 3202 regis
789 3114 849 3178 filia
872 3116 921 3180 hic
943 3129 1084 3204 tanquam
1106 3138 1186 3180 nova
1208 3129 1303 3203 nupta
1325 3115 1411 3180 indu·

293 3250 376 3301 catur
400 3233 447 3318 (v.
473 3233 545 3320 11),
577 3239 650 3303 aliae
673 3252 769 3304 autem
793 3262 896 3327 regum
918 3241 994 3306 filiae
1016 3244 1093 3306 inter
1115 3244 1193 3329 regis
1215 3241 1332 3328 pellices
1356 3263 1412 3306 nu-

291 3374 441 3428 merentur
463 3358 511 3447 (v.
538 3359 610 3446 10),
642 3364 843 3452 quaerendum
857 3378 902 3429 est
930 3365 1036 3453 aliquis
1058 3367 1254 3432 Israelitarurn
1282 3387 1351 3443 rex,
1381 3368 1413 3429 in

292 3508 379 3576 quem
402 3489 474 3553 hacc
498 3489 652 3577 quadrent,
677 3491 794 3568 scilicet,
822 3493 874 3578 qui
895 3494 974 3577 regis
996 3491 1084 3554 filiam
1108 3493 1283 3578 praecipuae
1305 3494 1410 3555 uxoris

290 3613 356 3678 loco
381 3613 512 3692 haberet,
537 3615 608 3680 alias
633 3637 753 3702 quoque
768 3617 864 3702 regiae
883 3617 984 3702 stirpis
1000 3614 1179 3681 concubinas
1194 3629 1316 3702 teneret.
1345 3615 1411 3680 Jarn

290 3761 361 3803 vero
379 3737 571 3804 Solomonem
593 3762 655 3804 nou
678 3743 735 3804 nisi
758 3762 847 3805 unam
870 3743 1001 3827 reginam
1020 3739 1169 3817 habuisse,
1194 3763 1316 3829 eamque
1330 3740 1411 3805 Pha·

288 3866 390 3929 raonis
419 3864 522 3941 filiam,
556 3867 603 3928 cui
631 3865 807 3951 peculiarem
834 3864 936 3930 aedem
958 3870 1108 3930 exstruxit
1132 3861 1169 3947 (1
1192 3865 1267 3954 Reg.
1286 3866 1354 3944 Vll,
1377 3864 1409 3930 8.

288 3988 347 4065 IX,
365 3984 437 4070 24);
460 3988 601 4054 habuisse
624 4001 721 4054 autern
746 3993 945 4078 septingentas
969 3993 1105 4057 mulieres
1122 3992 1285 4077 potempes
1306 4003 1335 4055 et
1349 4003 1409 4055 tre·

278 4127 387 4183 ¹centus
409 4115 525 4203 pellices
550 4111 581 4197 (i
598 4115 672 4203 Reg.
688 4115 740 4192 Xl,
764 4111 807 4197 3),
831 4114 862 4178 id
885 4118 916 4179 in
939 4115 1021 4181 libris
1045 4115 1193 4181 historicis
1217 4115 1325 4181 diserte
1347 4129 1409 4181 tra·

289 4238 378 4303 ditur.
418 4238 522 4327 Neque
551 4240 625 4306 alius
657 4253 703 4304 est
723 4240 920 4304 israelitarum
949 4262 1018 4318 rex,
1050 4240 1085 4306 de
1115 4263 1176 4328 quo
1207 4241 1308 4306 eadem
1335 4241 1409 4306 haec

287 4363 450 4449 praedicari
472 4378 605 4452 possent.
639 4362 723 4444 Nam,
747 4378 783 4430 ut
796 4365 1056 4436 Rosenmuellerus
1072 4369 1123 4443 ait,
1146 4365 1276 4434 Derides
1292 4378 1410 4454 praeter
