3172 5186
751 349 962 462 ffl-
1049 313 1050 316 ,

300 567 377 652 piam
393 565 512 651 regione
529 584 545 626 a
560 561 623 626 Deo
640 561 782 629 vastanda
798 564 828 628 hi
844 577 903 628 tres
921 565 974 627 viri
990 560 1107 638 luerint,
1124 557 1274 636 Noachus,
1298 559 1412 636 Daniel,

301 701 330 754 et
350 687 455 764 Iobus,
479 691 499 752 ii
522 687 637 752 demum
662 711 716 754 sua
733 689 850 776 justitia
873 679 962 754 ¹vitam
986 709 1068 752 suam
1095 684 1277 763 liberabunt,
1301 688 1344 750 ait
1364 684 1413 750 Je-

299 814 403 877 bova.«
432 813 510 878 Inter
532 813 588 877 bos
611 824 670 878 tres
687 817 777 892 viros,
793 813 907 890 Daniel,
932 815 956 877 si
977 815 1023 876 eui
1037 811 1239 876 Maccabaicus
1263 779 1318 876 iste
1341 810 1416 876 liber

219 941 227 954 '
299 936 385 1003 fidem
407 937 491 1015 facit,
515 937 659 1003 Ezekielis
688 941 782 1026 ipsios
813 923 1019 1004 coaevus'luit
1041 949 1084 1015 et,
1108 949 1143 1002 nt
1165 936 1294 1013 videtur,
1320 949 1414 1002 aetate

300 1065 405 1128 minor.
445 1063 537 1147 Quem
566 1039 661 1150 quum
688 1063 820 1140 Ezclricl,
850 1087 912 1128 non
932 1062 1029 1128 'modo
1058 1074 1093 1126 ut
1120 1074 1267 1149 spectatae
1296 1064 1414 1126 virtutis

300 1188 456 1274 exemplar,
481 1211 581 1253 verum
607 1191 692 1253 ctiam
717 1202 749 1253 ut
775 1192 868 1252 virum
893 1189 977 1274 cujus
1005 1190 1148 1274 sapientia
1169 1191 1200 1252 in
1222 1185 1414 1275 proverbium

299 1317 435 1378 cessisset
457 1307 567 1393 (ΕΜ).
579 1297 710 1391 XXVII,
735 1309 790 1395 3),
818 1311 977 1379 lectoribus
1008 1315 1069 1377 suis
1098 1325 1261 1400 proponat,
1286 1313 1414 1400 suspitio

270 1524 272 1528 Ι
300 1419 441 1526 quaedam
472 1441 614 1516 occurrit,
643 1439 690 1503 vel
720 1459 816 1503 veram
848 1459 910 1502 esse
935 1436 1185 1502 Talmudistarom
1216 1436 1413 1513 traditionem,

300 1562 443 1627 Ilzeldelis
461 1565 597 1628 vaticinia
619 1585 679 1628 non
696 1575 781 1628 antea
795 1563 899 1628 litteris
923 1563 1060 1628 mandata
1076 1585 1148 1640 esse,
1165 1585 1252 1650 quam
1276 1585 1293 1626 a
1310 1583 1416 1650 magna

300 1686 462 1777 Synagoga
485 1687 641 1754 ederentur
656 1684 763 1770 (Zunz,
781 1710 812 1774 p.
826 1683 916 1766 157),
941 1688 986 1752 vel
1011 1691 1157 1754 exstitisse
1180 1701 1251 1754 tunc
1272 1688 1415 1776 temporis

299 1814 395 1879 fictam
419 1813 547 1878 Danielis
571 1837 737 1902 personam,
762 1835 837 1901 quae
855 1812 931 1899 justi
954 1808 1231 1901 sapientisque'viri
1254 1815 1284 1877 in
1309 1812 1413 1878 exsilio

300 1938 431 2027 degentis
455 1936 590 2003 fortunas
614 1938 774 2016 exhiberet,
798 1940 845 2004 cui
867 1951 972 2025 postea
993 1937 1196 2004 Maccabaicus
1218 1939 1265 2003 ille
1288 1940 1416 2026 scriptor

300 2067 387 2130 micas
414 2065 478 2128 illas
508 2066 690 2129 narrationes
714 2077 743 2128 et
765 2065 1069 2150 ψευδοπροφητείας
1085 2050 1162 2150 ¹post
1183 2075 1320 2128 eventum
1344 2085 1414 2129 con·

300 2193 430 2255 cinnatas
462 2191 492 2253 in
528 2210 649 2253 suorum
679 2191 802 2277 gratiam
839 2188 1092 2266 accommodabat,
1123 2211 1157 2254 eo
1186 2188 1332 2254 adductus
1363 2185 1414 2270 (ut

299 2313 419 2380 BlecIrio
446 2312 579 2394 videtur,
610 2335 661 2400 ap.
679 2309 823 2378 Roaeom.
846 2316 890 2380 od
908 2316 994 2381 ,Daca
1018 2317 1043 2393 l,
1065 2308 1134 2396 6),
1153 2312 1234 2401 quod
1263 2312 1412 2378 Danielem

301 2438 443 2523 (Neleus.
454 2437 501 2515 X,
518 2434 558 2519 6)
582 2451 611 2503 et
634 2441 752 2503 comites
776 2440 839 2525 ejus
857 2439 1036 2505 Chananiam
1054 2437 1108 2518 (ld.
1124 2437 1169 2516 X,
1187 2437 1261 2522 23),
1278 2439 1413 2505 Asariam

301 2561 359 2646 (ld.
375 2565 420 2641 X,
440 2560 488 2645 2),
519 2576 548 2628 et
569 2553 718 2630 Misaelem
743 2561 801 2644 (ld.
820 2565 898 2643 VIII,
916 2563 957 2646 4)
985 2564 1142 2629 Nehemiae
1165 2563 1255 2630 luisse
1278 2564 1414 2653 aequales

301 2690 462 2755 audiverat.
491 2686 536 2752 Ac
552 2709 639 2775 possa
654 2688 727 2753 tales
750 2689 889 2754 historias
912 2690 959 2754 vel
974 2711 1012 2753 cx
1027 2689 1209 2754 Psalmorum
1233 2691 1413 2776 metaphoris

302 2814 407 2880 excudi
431 2815 492 2900 jam
517 2833 608 2900 supra
636 2813 797 2900 significavi
821 2810 868 2902 (p.
887 2811 979 2896 306).
1018 2813 1120 2902 Neque
1143 2817 1241 2902 aptius
1264 2813 1413 2880 Danielem

301 2962 366 3006 cum
395 2937 467 3004 lobo
496 2937 699 3023 conjunxisset
726 2937 858 3016 llzclriel,
889 2960 976 3027 quam
1006 2943 1030 3003 si
1061 2952 1185 3027 uterque
1213 2938 1249 3004 ad
1276 2939 1411 3004 lictorum

301 3064 500 3148 exemplorum
516 3083 609 3148 genus
625 3065 823 3148 pertinuisset.
849 3063 897 3128 Ad
912 3062 1014 3128 lobum
1027 3064 1113 3151 ¹(pund
1130 3051 1244 3140 attinet,
1257 3064 1314 3129 luit
1328 3065 1412 3130 theo-

300 3189 387 3276 logus
418 3185 682 3274 Cantabrigiensis,
712 3189 763 3274 qui
791 3187 898 3252 llbrum
927 3189 1007 3253 illum
1037 3187 1074 3253 ab
1104 3187 1237 3254 llzekicle
1265 3190 1412 3276 propheta

301 3317 442 3400 scriptum
464 3311 643 3400 opinabatur
665 3305 725 3391 (ml
748 3310 942 3377 Dissertation
976 3335 1014 3377 on
1043 3314 1093 3378 the
1114 3312 1201 3378 Book
1225 3313 1260 3379 ol
1280 3314 1348 3392 Iob,
1372 3317 1411 3380 its

300 3453 413 3515 nature,
438 3451 599 3526 argument,
624 3458 677 3523 age
700 3435 758 3500 and
781 3437 897 3512 author,
922 3437 964 3524 by
978 3437 1057 3502 John
1080 3436 1202 3503 Garnett
1222 3439 1257 3503 B.
1274 3439 1311 3502 D.
1327 3438 1412 3526 Lady

300 3564 472 3651 Margaret's
494 3561 637 3627 Preachcr
664 3563 693 3624 in
716 3561 766 3626 the
792 3546 959 3648 University
983 3561 1018 3627 of
1038 3560 1242 3650 Cambridge«.
1273 3563 1348 3628 Tbe·
1365 3585 1412 3628 se-

301 3687 378 3755 cond
393 3686 522 3752 Edition.
545 3682 797 3766 tond0n1751);
820 3687 936 3772 acujus
959 3689 1103 3751 sententia
1120 3709 1180 3752 non
1203 3695 1327 3774 prorsus
1349 3688 1411 3753 dis·

301 3787 377 3879 sldet
399 3815 444 3876 vir
468 3812 654 3876 doctissimos
679 3808 714 3875 G.
730 3809 767 3874 H.
784 3809 951 3887 Dernstcin,
976 3814 1027 3898 qui
1057 3810 1123 3876 libri
1146 3811 1209 3878 lobi
1237 3817 1410 3901 scrIptorem

300 3939 380 4004 bunc
403 3936 459 4002 sibi
482 3958 605 4024 scopum
626 3937 812 4023 propositum
832 3935 970 4001 habuisse
985 3935 1153 4012 contendit,
1169 3951 1204 4003 ut
1218 3941 1248 4002 in
1264 3937 1328 4004 lobi
1341 3959 1410 4025 pers

301 4083 373 4128 sona
385 4062 528 4149 populum
536 4059 699 4126 Hebraeum
716 4061 810 4125 exsilii
826 4063 949 4126 miseriis
961 4083 1136 4148 oppressum
1148 4067 1273 4138 sisteret,
1286 4083 1408 4127 suorum

300 4191 412 4253 animos
435 4187 612 4275 argumentis
636 4185 838 4250 consolaretur
856 4206 942 4273 quam
957 4189 1083 4252 maxime
1098 4185 1273 4264 efficacibus,
1298 4190 1408 4275 quippe

243 4337 246 4342 ·
302 4333 379 4400 quae
393 4310 481 4378 dueta
502 4323 600 4377 essent
621 4333 637 4376 e
655 4314 760 4377 summi
775 4309 918 4376 Numlnis·
932 4314 1083 4399 sapientia,
1108 4333 1198 4400 supra
1221 4313 1340 4378 humani
1363 4313 1408 4376 in·

300 4439 377 4526 genii
400 4450 516 4524 captum
539 4441 643 4504 mirum
667 4449 809 4524 quantum
831 4439 944 4524 posita,
968 4449 1003 4502 ut
1024 4436 1112 4503 noble
1140 4437 1227 4528 longe
1253 4440 1345 4503 satius
1368 4439 1409 4504 sit
