3166 5178
832 353 880 426 16

748 451 960 472 u—-¹—.

296 563 374 626 daec
396 584 497 627 caecos
521 561 560 625 ad
581 563 659 625 viam
683 562 816 627 sedentes
839 561 973 650 depingit
995 557 1083 643 (XX,
1101 558 1173 645 29),
1198 562 1309 647 etjam
1329 574 1417 625 antea

295 681 364 767 (lX,
382 681 447 767 27),
471 690 557 772 quasi
572 685 692 751 eandem
708 709 770 750 rem
785 705 925 762 narrans,
947 684 1036 750 binos
1051 690 1142 751 mirae
1158 687 1236 750 illius
1252 689 1416 751 sanationis

294 813 452 896 participes
476 809 591 876 fecerat.
630 810 709 894 Quid
724 810 865 898 quaeris?
890 809 1065 876 Consimiles
1081 812 1246 876 litterarum
1262 810 1368 875 ductus
1384 813 1417 873 in

294 934 450 999 Aramaico
473 935 617 1000 Matthaei
645 948 731 1000 textu
758 936 803 1001 vel
833 938 1006 1000 caecutienti
1028 935 1075 1000 vel
1102 937 1239 1022 imperito
1263 935 1417 1021 interpreti

296 1059 344 1122 hic
367 1071 397 1123 et
418 1059 487 1123 alibi
506 1058 639 1124 frandem
657 1059 801 1126 fecerant:
826 1083 917 1148 quum
933 1063 1010 1124 enim
1024 1060 1072 1125 vel
1087 1064 1155 1150 Ἶῌ,
1179 1083 1268 1142 noos,
1293 1058 1415 1146 aliquis,

296 1185 439 1270 quidone,
461 1184 508 1247 vel
529 1190 623 1286 tw,
647 1186 718 1268 iste,
742 1186 876 1273 legisset,
901 1184 932 1248 id
954 1187 1126 1271 permiscuit
1148 1207 1213 1249 enm
1236 1189 1319 1288 tt‘ltt
1342 1183 1415 1264 dae,

297 1329 330 1374 ac
358 1308 484 1394 proinde
513 1321 606 1372 totam
635 1313 833 1374 narrationem
856 1313 981 1374 vitiavit.
1030 1309 1131 1374 Talem
1155 1331 1284 1374 errorem
1308 1331 1323 1372 e
1346 1307 1416 1371 cba-

295 1445 441 1498 racterum
475 1430 571 1496 forma
607 1436 677 1497 oriri
711 1437 846 1520 potuisse
882 1433 1065 1498 demonstrat
1096 1433 1232 1498 confusio
1262 1435 1416 1497 nominum

299 1555 512 1642 Γαδαρηνῶν,
544 1557 748 1643 Γερασηνῶν,
778 1555 980 1642 Γεργεσρνῶν
1007 1561 1039 1622 in
1067 1558 1172 1622 eodem
1204 1559 1270 1639 loco
1302 1569 1414 1621 notata.

297 1680 439 1746 Hebraico
462 1685 605 1768 scriptum
631 1705 740 1749 nomen
763 1689 844 1759 W,
875 1680 1022 1767 Γάδαρα,
1052 1683 1135 1769 quod
1158 1681 1299 1748 celebrem
1322 1701 1416 1768 quau-

299 1805 365 1870 dam
392 1805 496 1870 urbem
526 1805 674 1894 designat,
704 1806 929 1894 permutabatur
955 1828 1020 1871 enm
1045 1811 1133 1884 ΌἾᾸ,
1166 1800 1306 1891 Γέρασα,
1334 1805 1416 1892 quod

298 1929 412 1992 nullum
427 1933 459 1992 in
474 1933 581 1994 vicinio
599 1930 679 1994 lacus
697 1929 862 1996 Tiberiadis
879 1930 1022 2017 oppidum
1038 1931 1193 2018 significat.
1217 1931 1314 2017 Magis
1329 1932 1416 1994 etiam

298 2057 390 2118 mirus
407 2066 436 2117 et
451 2057 650 2139 incompertus
667 2068 712 2118 cst
726 2058 782 2119 iste
798 2077 881 2120 error
896 2058 1023 2120 nominis
1039 2058 1071 2119 in
1084 2053 1265 2131 Maravlu,
1288 2052 1343 2130 10,
1364 2052 1417 2116 nbi

298 2177 438 2264 legimus:
462 2173 567 2262 ἦλθεν
590 2177 634 2254 εἰς
656 2173 695 2240 ad
719 2180 799 2263 μέρη
814 2175 1053 2262 Δαλμανουθά,
1076 2202 1132 2265 pro
1152 2201 1187 2242 eo
1207 2177 1290 2266 quod
1307 2179 1417 2264 reperi·

188 2284 190 2288 ¹
298 2322 364 2366 mus
393 2303 425 2364 in
454 2301 594 2388 parallelo
623 2301 767 2367 Matthaei
796 2303 863 2366 loeo
885 2303 954 2380 XV,
976 2301 1032 2368 39:
1066 2299 1172 2388 ἦλθεν
1200 2302 1246 2376 εἰς
1273 2297 1313 2366 τὰ
1344 2281 1417 2386 ὅρια

299 2409 478 2504 Martiale.
523 2425 567 2490 lbi
590 2429 667 2490 enim
689 2425 761 2490 urbs
786 2427 929 2514 quaedam
951 2432 1065 2492 munita
1088 2429 1271 2516 significatur
1293 2430 1339 2491 dui
1361 2449 1417 2490 no·
1480 2459 1484 2468 ·

298 2573 366 2616 men
394 2550 451 2615 luit
478 2525 662 2646 ‘78⁸5th
691 2553 785 2616 acres
806 2552 879 2618 Dei.
925 2551 1037 2616 Nullibi
1067 2565 1165 2618 autem
1192 2554 1300 2616 mentio
1324 2550 1359 2614 fit
1381 2548 1416 2612 de

297 2677 498 2744 Dalmauntha
519 2673 577 2740 illa.
626 2647 736 2759 Quidni
759 2680 943 2763 suspicemur
965 2674 1055 2739 Δαλ-
1076 2677 1158 2742 istud
1179 2677 1331 2741 residuum
1355 2693 1417 2740 esse

299 2805 361 2866 veri
376 2804 504 2866 nominis
521 2798 689 2879 Maydald
707 2801 772 2864 scil.
790 2776 866 2872 ¹7&-
876 2777 991 2878 bum,
1016 2800 1173 2886 μανονθά
1189 2814 1286 2865 autem
1300 2821 1419 2887 reprae-

300 2938 414 2990 sentare
436 2925 580 3011 pluralem
596 2928 676 2989 vocis
700 2930 775 3028 Πξᾩ
793 2949 887 3012 pars,
906 2928 1028 3012 portio,
1054 2948 1142 3012 quam
1163 2929 1195 2990 in
1211 2924 1322 2990 Graeco
1338 2926 1417 3009 μέρη

301 3072 473 3116 conversam
500 3047 665 3113 habemus?
698 3049 742 3114 lta
770 3064 870 3116 textus
900 3052 947 3116 ille
970 3051 1101 3138 vulgaris
1131 3049 1275 3136 duplicem
1299 3047 1419 3112 exbibet

301 3174 471 3250 lectionem,
491 3187 646 3262 utramque
663 3175 795 3240 mutilam
815 3213 851 3224 —
870 3172 911 3240 ael
926 3178 1005 3262 μέρη
1021 3172 1282 3257 Aci-pavendae
1304 3175 1323 3236 i.
1337 3195 1361 3236 e.
1377 3165 1417 3234 acl

300 3299 379 3383 pepe]
400 3296 570 3377 Μαγδαλά
588 3323 626 3353 =
643 3295 801 3383 μανονθὰ
824 3298 977 3383 pardulo?
994 3323 1034 3354 =
1054 3273 1266 3392 *tte-butten
1282 3289 1376 3399 l'llll?
1387 3289 1416 3378 Ι)·

301 3420 443 3487 Similiter
464 3425 495 3486 in
518 3422 621 3488 eodem
643 3423 805 3511 Evangelio
830 3423 969 3490 scribitur
992 3420 1043 3505 (X,
1058 3419 1115 3506 46)
1139 3420 1157 3487 ὃ
1180 3393 1248 3498 οἷὸς
1271 3425 1418 3506 Τιμαίαν,

300 3548 514 3631 Βαρτίμαιος,
537 3547 590 3611 ubi
615 3547 725 3612 Graeca
748 3550 951 3634 interpretatio
974 3547 1131 3635 praecedit.

391 3669 452 3734 Sed
466 3668 544 3733 Novi
560 3669 701 3735 Foederis
725 3674 822 3734 critice
846 3685 934 3759 atque
957 3672 1171 3738 hermeneutice
1193 3671 1268 3735 nihil
1290 3670 1329 3735 ad
1351 3693 1416 3748 nos,

302 3806 354 3858 aut
376 3796 402 3856 si
425 3792 463 3857 ad
484 3817 555 3872 nes,
580 3795 653 3858 nihil
677 3794 715 3858 ad
730 3795 810 3858 hunc
824 3795 932 3859 locum.
968 3796 1028 3861 Res
1045 3797 1179 3884 postulat
1192 3809 1230 3860 ut
1242 3795 1278 3859 de
1293 3797 1418 3861 vetustis

300 3918 483 3984 ludaeorum
510 3917 593 3983 libris
622 3918 732 3997 dicam;
762 3931 791 3982 et
820 3941 895 4006 quae
918 3920 1015 3985 adbuc
1038 3921 1074 3985 de
1096 3934 1200 3985 nostro
1225 3941 1336 3984 canone
1359 3919 1419 3983 dis·

301 4046 380 4109 serui
409 4065 473 4106 cam
501 4046 560 4106 vim
589 4041 699 4108 babent
726 4055 761 4106 ut
790 4047 875 4130 quasi
905 4058 1126 4131 argumentum,
1160 4043 1243 4131 qnod
1271 4047 1368 4120 aiunt,
1399 4065 1420 4107 a

294 4166 427 4255 fortiori
448 4166 597 4254 affingant.
632 4165 708 4230 Nam
731 4169 756 4230 si
779 4170 810 4232 in
833 4170 906 4254 ipsis
918 4168 1086 4257 Evangeliis
1111 4171 1196 4256 quasi
1217 4191 1272 4256 per
1286 4181 1420 4234 mauseu-

379 4431 397 4496 ¹)
420 4427 488 4482 Fieri
507 4434 593 4500 petest
610 4435 640 4484 ut
656 4426 784 4501 μανονθᾶ
802 4433 927 4502 exprimat
943 4431 1052 4487 formam
1072 4430 1200 4488 delinitam
1218 4411 1355 4496 llo-uo.
