3166 5178
165 581 259 648 quum
275 561 464 626 intemeratos
483 558 599 624 divinae
614 561 747 623 veritatis
764 557 861 624 sontes
877 559 996 624 haurire
1011 573 1150 646 possent,
1173 560 1288 626 malunt

166 697 312 752 coenosos
335 684 481 750 humanae
503 685 683 750 inventionis
705 683 819 748 rivulos
836 683 1019 764 combibere3
1043 697 1073 750 et
1087 687 1287 772 superstitiosi

165 807 346 896 syllabarum
362 812 490 897 aucipes,
511 793 563 897 qui
579 826 663 874 suam
680 827 800 897 quoque
811 808 972 897 Vulgatam
988 808 1106 886 habent,
1125 831 1194 874 suas
1211 829 1287 898 quo·

166 956 223 1022 que
245 935 435 1012 traditiones,
461 955 524 1000 non
547 935 755 1000 ecclesiasticas
778 935 842 1000 illas
867 934 1000 1022 quidem,
1025 934 1077 1000 sed
1100 955 1176 1023 quac
1199 936 1286 1000 simili

164 1062 280 1124 ratione
303 1073 499 1148 corrumpunt
514 1063 665 1126 veritatem
686 1073 716 1126 ct
730 1058 910 1126 subvertunt
922 1059 1020 1124 fidem.
1056 1057 1097 1126 Ut
1111 1059 1168 1126 sibi
1184 1060 1287 1126 riden-

164 1196 229 1261 tur,
259 1197 325 1251 toto
355 1185 438 1250 coelo
467 1185 659 1262 dissidentes,
690 1183 792 1250 ambae
815 1196 914 1250 tamen
937 1182 1079 1250 sactiones
1102 1187 1133 1248 in
1156 1205 1191 1250 eo
1215 1203 1286 1250 con*

164 1311 298 1374 sentiunt
320 1309 404 1398 quod
425 1312 595 1376 interiorem
617 1310 696 1374 illam
718 1310 817 1375 cordis
840 1322 869 1376 et
884 1311 1078 1375 conscientiae
1093 1309 1284 1397 relligionem,

165 1453 241 1522 quae
264 1437 295 1499 iu
317 1437 374 1522 piis
399 1434 537 1500 omnibus
562 1435 740 1513 dominatur,
764 1436 822 1500 uisi
846 1457 912 1500 cum
928 1436 990 1500 suis
1006 1433 1199 1521 opinionibus
1215 1455 1287 1500 con*

164 1569 268 1646 gruat,
292 1559 376 1624 nihili
399 1563 583 1639 existimant3
612 1563 781 1649 quicunque
803 1563 834 1624 in
857 1581 912 1626 sua
935 1559 1025 1624 verba
1043 1559 1146 1644 jurare
1169 1559 1284 1636 nolunt,

165 1687 279 1748 etiamsi
302 1683 443 1750 inbonis
467 1683 607 1772 operibus
631 1699 729 1752 sancte
745 1683 911 1762 ambulant,
936 1707 988 1750 eos
1006 1695 1190 1761 aversantur,
1215 1683 1286 1750 ode·

164 1821 251 1886 runt,
274 1821 304 1874 et
326 1808 441 1876 insenso
466 1812 563 1877 animo
587 1823 824 1899 persequuntur3
848 1810 1007 1876 humanam
1024 1813 1184 1887 rationem,
1210 1810 1286 1877 divi·

164 1955 220 2000 nae
243 1955 332 2001 aurae
353 1936 544 2022 particulam,
570 1957 658 2023 quam
673 1935 730 2001 Dei
745 1934 875 2024 Spiritus
900 1937 1060 2014 illuminat,
1085 1938 1116 2001 in
1133 1935 1285 2023 relligione

164 2072 331 2126 versantem
354 2063 495 2126 conviciis
523 2063 720 2139 insectantur3
751 2060 890 2148 denique,
921 2075 956 2128 ut
978 2061 1177 2150 Sospitatoris
1200 2083 1286 2150 prac-

165 2197 282 2272 ceptum
299 2179 402 2267 (Marc.
418 2185 474 2262 IX,
493 2181 548 2268 38)
572 2189 712 2274 utrinque
734 2184 935 2264 labefactetur,
959 2209 1055 2275 neque
1078 2187 1138 2252 sale
1155 2209 1186 2251 sc
1202 2189 1284 2274 ipsos

165 2307 326 2386 condiunt,
354 2331 451 2398 neque
480 2331 582 2398 paoem
608 2313 684 2376 inter
708 2333 739 2374 sc
763 2309 908 2376 exercent.
955 2312 1021 2376 Jam
1044 2333 1114 2376 voro
1140 2309 1285 2377 Christia³

165 2437 253 2500 nismi
282 2438 405 2501 interest
432 2448 467 2500 ut
494 2449 651 2523 utramque
680 2439 868 2523 patagiorum
891 2435 1029 2500 familiam
1052 2457 1070 2500 a
1091 2434 1284 2522 praesepibus

165 2563 276 2626 nostris
305 2583 469 2637 arceamus,
501 2584 537 2626 ne
566 2573 668 2626 assuta
695 2561 745 2624 illa
767 2563 894 2624 vestium
925 2571 1096 2626 ornamenta
1117 2559 1206 2624 nobis
1230 2559 1285 2624 ob·

165 2684 288 2751 trudant
314 2709 370 2774 pro
402 2687 528 2753 candido
551 2700 581 2752 et
603 2685 775 2776 splendente
797 2683 938 2772 byssino,
969 2707 1029 2771 quo
1053 2697 1177 2771 propter
1194 2685 1285 2770 justi*
1326 2765 1334 2771 Ι

164 2812 236 2874 tiam
266 2823 434 2877 sanctorum
465 2834 496 2876 se
530 2815 682 2900 cooperiet
710 2811 840 2876 Ecclesia
871 2805 984 2898 (Apoc.
1008 2809 1097 2888 XIX,
1125 2805 1173 2890 8).
1219 2809 1284 2874 Hos

164 2934 326 3022 relligionis
350 2948 556 3024 corruptores,
581 2942 633 3026 qui
648 2939 703 3004 Dei
718 2936 842 3002 verbum
864 2948 1080 3024 cauponantur,
1104 2933 1186 2998 haud
1201 2934 1285 3000 aliter
1401 2956 1415 2974 ⁸

166 3058 398 3137 confutahimus,
430 3082 519 3148 quam
542 3065 567 3126 si
590 3061 629 3127 ad
651 3065 819 3130 interiorem
843 3059 1014 3150 Scripturas
1038 3063 1189 3126 veritatem
1213 3077 1284 3126 con-

164 3181 322 3270 fugiemus.
367 3183 411 3249 lbi
441 3188 519 3250 cuim
541 3185 707 3252 videbimus
730 3186 825 3252 Vetus
851 3187 1073 3251 Testamentum
1095 3185 1183 3250 Novo
1213 3199 1284 3250 con'·

163 3311 288 3374 tranium
316 3329 378 3373 non
400 3329 478 3376 esse:
508 3310 600 3397 legem
623 3310 785 3376 Mosaicam
812 3331 873 3376 nou
897 3313 928 3374 in
951 3313 1141 3375 caeremoniis
1164 3333 1198 3376 ao
1220 3313 1284 3377 riti·

163 3432 238 3510 bus,
263 3436 385 3522 aanuo
408 3435 523 3523 populo
549 3434 757 3512 observandis,
782 3438 965 3511 constitisse,
990 3433 1096 3498 sedin
1119 3437 1283 3498 eoamoris

164 3581 235 3647 erga
262 3558 357 3624 Deum
388 3573 418 3624 et
445 3560 595 3627 hominem
624 3573 797 3649 praecepto,
834 3559 916 3646 quod
946 3557 1132 3628 Christianos
1163 3579 1284 3645 quoque

164 3683 325 3750 obstrictos
355 3697 444 3752 tenet.
491 3685 585 3763 Haec,
615 3686 688 3752 haec
716 3698 774 3766 estv
788 3684 837 3749 illa
865 3685 989 3750 coelitus
1020 3683 1146 3749 demissa
1171 3682 1236 3762 lex,
1266 3705 1284 3748 a

164 3831 224 3898 qua
246 3831 282 3874 ne
304 3831 365 3875 una
389 3810 508 3898 quidem
530 3810 659 3876 litterula
673 3823 725 3876 aut
740 3831 819 3896 apex
834 3809 1018 3894 praeteribit,
1045 3809 1139 3874 donec
1153 3821 1284 3875 tremeat

163 3934 278 4000 eoelum
301 3947 331 4000 et
352 3948 430 4002 terra
453 3930 573 4017 (Matth.
590 3935 628 4012 V,
649 3931 711 4017 18).
756 3933 812 3998 Hic
834 3934 970 4000 audirrms
997 3949 1114 4004 tenuem
1137 3935 1215 4030 illplm
1240 3933 1283 3997 di·
1324 3913 1389 4108 &j

163 4061 249 4124 vinae
275 4063 354 4125 vocis
382 4081 490 4124 sonum
515 4055 545 4142 (l
563 4059 637 4148 Reg.
654 4059 739 4137 XIX,
766 4057 822 4136 12,
848 4056 916 4142 13),
948 4063 1000 4148 qui
1023 4061 1235 4126 conscientiam
1254 4069 1284 4121 et

163 4183 297 4248 stimulat
323 4197 353 4250 et
381 4186 553 4252 consolatur
577 4179 608 4266 (l
626 4184 732 4250 loann.
748 4185 800 4261 lll,
821 4179 975 4265 19-21).
1021 4183 1100 4248 Haec
1126 4195 1171 4248 cst
1193 4181 1283 4268 digna

162 4307 305 4397 theologo
334 4322 364 4376 et
390 4310 574 4398 philosopho
598 4313 747 4388 materies,
776 4313 808 4374 in
832 4329 891 4396 qua
914 4306 1113 4372 elucubranda
1136 4305 1182 4370 vel
1205 4327 1283 4371 sere·

163 4455 217 4498 nas
239 4435 484 4522 noetes'vigilare
507 4435 621 4502 debeat.
656 4435 731 4500 Nam
752 4447 788 4502 ut
804 4431 938 4500 Clemens
953 4430 1175 4500 Alexandrinus
1198 4452 1283 4519 prae·

1053 4551 1070 4609 3
