3152 5160
679 373 753 448 125

154 583 383 673 designationes.
430 583 565 650 Vocatur
588 585 664 650 enim
687 579 811 650 Escoos
835 578 946 689 (lssltl)
968 587 989 652 i.
1010 607 1035 650 e.
1053 585 1184 674 piluma,
1208 584 1273 652 leir-

153 720 248 795 sutus,
267 714 386 775 nomine
400 711 477 797 ipso,
493 723 529 775 ut
544 709 670 788 videtur,
688 709 846 777 denotante
861 723 1035 776 montanum
1050 711 1131 776 illurn
1146 726 1272 778 tractum

155 832 228 900 Sec'r
251 829 389 930 (Ἶὶνῐζν)
417 839 437 900 i.
461 858 485 900 c.
510 837 648 922 pilosum
676 839 707 901 in
736 837 870 902 confiniis
892 836 1061 914 Idumaeae,
1092 841 1143 924 qui
1165 861 1272 903 nomen

154 982 242 1024 suum
266 983 283 1024 a
305 961 452 1050 sylvestri,
476 960 614 1045 domolo,
640 974 669 1026 et
692 963 853 1029 arboribus
876 963 974 1028 obsita
995 964 1130 1050 regione,
1159 967 1270 1027 amari

154 1098 275 1150 mortno
300 1085 337 1152 ad
356 1091 454 1152 sinum
468 1086 664 1152 Aelaniticum
679 1101 830 1175 porrecta,
856 1087 1009 1153 derivavit.
1036 1086 1171 1152 Vocatur
1185 1090 1271 1152 etiam

154 1189 298 1276 Edomus
321 1206 450 1319 (Ε’Ἶζζ),
475 1215 494 1276 i.
512 1235 537 1276 e.
559 1210 659 1300 cusas,
685 1214 816 1278 acolore
831 1215 917 1278 istius
933 1225 1028 1278 terrae
1043 1214 1148 1296 madro,
1165 1209 1270 1300 susce,

155 1349 182 1402 et
204 1339 362 1425 saedaiyro,
388 1307 447 1425 quo
472 1361 488 1401 a
503 1337 682 1402 flaventibus
699 1340 896 1403 conterminae
911 1331 1040 1404 Arabiae
1056 1341 1151 1402 arenis
1167 1337 1272 1402 distin-

151 1465 263 1550 guitur.
309 1463 371 1527 Has
401 1461 612 1550 appellationes
643 1461 739 1527 scriba
761 1461 979 1528 Masorethicus
1002 1464 1049 1528 vel
1074 1462 1112 1526 ad
1136 1468 1270 1568 copponis

151 1585 280 1652 indolem
303 1586 392 1652 refert
409 1587 453 1652 vel
471 1587 556 1652 aliam
572 1591 843 1674 interpretationem
858 1589 959 1675 injicit.
994 1588 1036 1652 Ita
1052 1581 1127 1690 lidii}
1143 1602 1172 1652 et
1187 1581 1270 1693 n‘lls

150 1716 279 1800 primum
303 1735 337 1778 eo
360 1711 538 1790 referuntur,
563 1711 646 1800 quod
668 1712 746 1777 filius
769 1726 843 1778 natu
866 1715 961 1801 major
982 1711 1074 1801 caesus
1096 1724 1158 1778 erat
1171 1683 1270 1778 totusss

151 1859 208 1926 que
239 1841 283 1902 uti
311 1837 433 1924 pallium
461 1837 595 1903 termas
623 1833 716 1920 (Gen.
738 1837 837 1914 XXV,
861 1833 932 1919 25).
979 1836 1092 1903 Deinde
1115 1861 1185 1904 vero
1213 1840 1269 1903 alia

151 1962 270 2027 alterins
295 1967 478 2052 cognominis
502 1963 677 2051 significatio
701 1967 895 2052 excogitatur,
920 1977 949 2028 et
971 1957 1056 2058 Βῆῑς
1078 1965 1269 2030 deducitura

149 2089 299 2154 rubedine
319 2088 456 2166 lentium,
482 2110 608 2176 quarum
632 2091 753 2154 cortices
770 2102 841 2153 sunt
855 2089 952 2167 rubri,
978 2094 1047 2178 qnia
1062 2114 1118 2178 pro
1135 2091 1185 2155 tali
1201 2089 1267 2155 cibo

149 2213 266 2279 Esavus
290 2217 393 2279 aetatis
416 2216 638 2302 praerogativas
662 2214 844 2279 vendidisset
867 2211 958 2297 (Gen.
975 2216 1074 2294 XXV,
1093 2211 1162 2298 30).
1205 2215 1266 2279 Has

151 2340 376 2426 explicationes,
408 2343 534 2404 seriores
563 2339 627 2403 illas
651 2339 770 2426 quidem
799 2362 851 2404 nec
879 2344 950 2405 satis
979 2343 1057 2406 inter
1084 2363 1115 2406 se
1144 2361 1268 2404 consen·

150 2466 270 2541 tientes,
298 2465 409 2529 nullius
432 2466 519 2551 pretii
543 2485 620 2541 esse,
652 2467 750 2550 quivis
773 2463 890 2527 viderit.
938 2463 1051 2529 Contra
1074 2467 1267 2528 certissimum

151 2601 193 2654 est
213 2583 290 2693 ligii&
313 2600 343 2653 et
358 2583 457 2682 allidi
474 2610 659 2676 synonymus
676 2611 739 2653 esse
755 2588 908 2675 sylvestris
924 2589 1077 2653 Idumaeae
1093 2589 1267 2675 descriptio·

149 2735 215 2791 nes,
241 2707 326 2810 ῦῆζς
348 2727 445 2780 antem
468 2713 506 2778 ad
530 2716 627 2779 solum
649 2716 748 2800 ipsum
770 2713 965 2779 referendum.
1012 2713 1088 2792 Sed,
1116 2717 1147 2778 ni
1169 2713 1264 2790 fallor,

149 2809 345 2904 demonstralri
372 2851 473 2926 potest
501 2835 715 2923 πολυώνυμον
736 2839 819 2904 illum
842 2839 1049 2905 ldumaeorum
1070 2838 1266 2926 patriarcham

148 2964 234 3029 aliam
263 2986 382 3052 quoque
406 2964 631 3051 appellationem
654 2963 809 3042 habuisse,
841 2985 916 3053 quae
940 2964 978 3030 ad
1000 2987 1096 3030 mores
1119 2967 1214 3051 ipsius
1237 2975 1267 3027 et
1332 3043 1336 3052 .

148 3092 226 3154 vitae
248 3092 393 3155 rationem
417 3100 571 3176 spectaret.
605 3087 704 3154 Esavo
722 3091 799 3154 enim
815 3090 943 3154 declarat
955 3090 1072 3154 Isaacus
1087 3064 1267 3196 unam-59

147 3218 263 3320 mnu,
293 3237 387 3301 suuper
406 3214 548 3301 gladium
570 3224 657 3278 cacan
678 3215 774 3298 ciues,
804 3215 857 3280 ubi
881 3214 919 3279 ad
940 3218 1189 3302 praepositionem
1212 3189 1266 3303 ¹71}

147 3309 305 3404 conlerunt
318 3337 439 3404 Denter.
451 3338 531 3417 Vlll‚
550 3337 585 3404 3:
610 3362 691 3404 »non
713 3362 935 3426 cceperpuaem
958 3313 1176 3446 (ΠῌῌΓΓΒΙΙ)
1200 3351 1265 3402 tan-

146 3473 209 3529 tum
233 3465 315 3529 vivet
337 3465 462 3529 homo«
495 3463 546 3556 Ad
567 3486 628 3529 rem
652 3462 735 3552 quod
758 3467 877 3540 attinet,
901 3462 975 3527 bene
997 3461 1265 3527 observatRosen-

146 3589 303 3653 miillerusa
336 3611 417 3654 anon
445 3590 503 3654 hoc
531 3602 647 3654 tantum
674 3587 797 3652 indicari
826 3588 945 3652 videtur
974 3609 1040 3652 enm
1070 3584 1126 3651 sibi
1154 3590 1264 3651 rictum

144 3726 320 3801 paraturum
343 3712 458 3801 gladio,
490 3717 593 3791 armis,
625 3713 719 3790 bello,
750 3725 803 3776 aut
824 3715 996 3790 vexatione,
1021 3725 1075 3777 aut
1094 3712 1204 3800 praeda
1226 3710 1263 3776 ab

144 3837 285 3902 hostibus
308 3851 408 3926 parta,
434 3839 486 3902 sed
509 3859 602 3927 quum
625 3841 652 3903 ei
675 3837 795 3902 assidua
815 3836 892 3901 bella
907 3837 967 3903 sint
982 3861 1048 3902 cum
1064 3838 1128 3902 aliis
1143 3837 1263 3924 populis

144 3959 262 4040 lutura,
291 3966 389 4051 ipsum
413 3985 496 4028 suam
519 3967 609 4027 vitam
633 3962 670 4027 ab
693 3963 750 4027 illis
772 3962 872 4050 gladio
897 3985 952 4028 suo
976 3974 1166 4028 asserturum.
1214 3959 1264 4025 Sic

145 4089 231 4152 etiam
248 4087 399 4175 losephus
416 4083 463 4171 (Β.
479 4088 506 4153 J.
522 4088 573 4166 IV,
591 4110 615 4151 e.
631 4083 684 4170 15)
707 4087 861 4152 Idumaeae
883 4090 980 4176 gantis
1002 4087 1132 4152 indolem
1155 4085 1264 4149 descri-
1340 4157 1342 4162 ,

143 4211 204 4278 bit:
228 4211 420 4295 θορυβῶδες
443 4217 497 4275 καὶ
519 4207 662 4277 ἄτακτον
684 4208 799 4288 ἔθνος,
823 4207 875 4277 ciel
889 4235 923 4276 τε
944 4213 1105 4296 μετέωρον
1126 4204 1207 4294 πρὸς
1222 4205 1264 4273 τοὶ

144 4336 306 4422 κινήματα
334 4339 389 4400 καὶ
415 4334 609 4420 μεταβολαῖς
633 4345 764 4421 χαῖρον,
794 4331 876 4421 πρὸς
899 4331 1010 4420 ὀλίγην
1033 4333 1070 4398 δὲ
1093 4333 1264 4402 arcidamus}

143 4461 210 4528 τῶν
240 4460 403 4543 δεομένων
429 4455 471 4525 τοὶ
501 4458 587 4526 ὅπλα
609 4464 735 4538 κίνονν,
765 4464 820 4526 καὶ
842 4456 995 4544 καθάπερ
1019 4458 1063 4536 εἰς
1086 4455 1199 4548 ἑορτὴν
1219 4461 1264 4537 εἰς
