3172 5186
854 373 931 447 390

334 589 493 675 quitatem
515 583 635 650 Bileami
659 595 756 648 autem
777 584 931 659 canticum,
956 595 990 648 ut
1012 606 1102 671 supra
1124 583 1261 660 vidimus,
1278 581 1450 650 Davidtcam

336 710 381 775 vel
405 708 613 775 Solomoneam
641 719 765 773 aetatem
791 729 863 796 prae
891 729 922 772 se
949 705 1015 773 lert
1062 706 1171 792 Quidni
1198 710 1345 774 invenerit
1370 705 1452 774 lere·

334 837 407 900 roias
436 831 597 922 fragmenta
626 835 682 897 ista
709 834 741 906 in
769 833 884 921 sylloge
912 831 1054 921 quadam,
1082 855 1157 922 quae
1185 835 1262 899 sicut
1287 832 1452 900 lasbaraua

334 972 447 1037 nostra,
470 962 500 1024 in
523 962 626 1048 quinta
649 971 731 1044 parte
753 955 898 1024 felicitatis
921 959 1144 1050 promissiones,
1169 961 1199 1022 in
1225 970 1311 1026 sexta
1334 970 1452 1025 vetusta

333 1084 468 1172 llpinicia
496 1081 679 1148 contineret?
719 1081 765 1148 Eo
789 1083 897 1148 seilicet
920 1081 1023 1148 ordine
1045 1081 1186 1148 leremias
1213 1083 1267 1148 bas
1296 1085 1450 1148 citationes

335 1211 517 1297 excerpsisse
546 1209 592 1273 rel
618 1210 786 1273 memoriter
815 1206 975 1295 protulisse
999 1221 1129 1296 apparet.
1170 1203 1259 1292 Quod
1287 1210 1312 1272 si
1340 1206 1451 1273 losuae

335 1336 507 1422 epinicium,
531 1332 614 1422 quod
642 1331 803 1398 secundnm
832 1334 862 1396 in
892 1344 975 1398 sexta
1000 1345 1100 1420 parte,
1124 1345 1159 1398 ut
1188 1335 1218 1397 iu
1242 1335 1344 1420 quinta
1366 1345 1451 1421 parte

335 1458 496 1526 secundum
525 1459 622 1556 locum
644 1457 766 1524 Bileami
791 1456 956 1524 benedictio
980 1456 1109 1537 obtinet,
1134 1479 1217 1546 reges
1240 1469 1322 1524 trans
1344 1456 1454 1526 Jorda-

334 1605 401 1650 nem
425 1583 572 1658 devictos,
595 1594 684 1671 atque
714 1585 864 1648 intereos
888 1581 1045 1648 Sichonem
1069 1583 1246 1650 Amoraeum
1276 1604 1453 1649 commemo·

335 1708 422 1774 rabat
443 1707 546 1797 (supra
560 1704 696 1796 pp.235‚
713 1704 806 1788 257),
831 1705 912 1772 facile
936 1719 981 1772 est
1003 1710 1146 1794 suspicari
1170 1707 1245 1774 hano
1267 1711 1361 1796 ipsam
1384 1729 1452 1773 can·

335 1837 385 1900 tici
402 1834 575 1922 particulam
598 1835 627 1897 in
651 1832 702 1897 illo
717 1831 852 1919 Epinicio
868 1835 1023 1922 pristinam
1047 1831 1149 1899 sedem
1165 1833 1314 1900 habuisse.
1343 1831 1453 1898 Errant

336 1962 422 2036 onim,
447 1981 492 2024 me
510 1957 620 2045 judice,
645 1961 696 2045 qui
716 1956 854 2024 Sichonis
870 1957 1025 2023 dumtaxat
1041 1959 1192 2023 virtoriam
1215 1958 1256 2023 ibi
1280 1957 1452 2024 celebratam

337 2081 427 2149 luisse
450 2085 634 2148 existimant:
657 2081 823 2146 Hebraeum
846 2094 891 2146 cst
920 2081 993 2146 illud
1015 2058 1105 2155 ‘7le
1129 2081 1175 2166 (v.
1193 2081 1269 2166 27),
1295 2095 1330 2148 ut
1351 2096 1381 2149 et
1401 2082 1452 2148 Bi·

235 2233 238 2240 ·
337 2209 420 2274 loami
443 2203 665 2289 (NumXXlll,
681 2205 725 2290 7),
749 2219 779 2271 et
801 2207 919 2271 nonnisi
942 2206 979 2270 ad
994 2206 1175 2272 ludaeorum
1199 2210 1336 2273 victorias
1360 2209 1453 2296 respi-

337 2355 401 2399 cere
428 2345 543 2420 potest‚
568 2355 642 2421 quas
669 2335 711 2397 ita
735 2332 862 2397 declarat
889 2344 986 2408 vates,
1016 2345 1051 2397 ut
1073 2331 1230 2398 Sichonem
1253 2331 1451 2398 Moabitarum
1555 2317 1558 2326 ¹

338 2458 544 2526 debellatorem
578 2479 595 2522 a
630 2459 691 2524 suis
726 2455 840 2522 civibus
875 2457 1064 2545 profligatum
1092 2456 1183 2523 luisse
1216 2456 1297 2523 haud
1325 2457 1450 2523 demisso

337 2605 471 2651 sermone
494 2582 651 2671 praedicet.
680 2581 782 2670 ltaque
805 2585 912 2669 siquis
929 2585 1160 2652 vetustissimum
1183 2584 1241 2648 hoe
1257 2582 1450 2672 fragmentum

338 2709 502 2776 lasharano
524 2707 617 2784 libro,
641 2721 670 2773 et
691 2707 824 2773 losnano
847 2706 966 2795 quidem
994 2711 1135 2795 epinicio‚
1159 2706 1291 2774 inlereIre
1315 2708 1450 2785 voluerit,

339 2857 384 2900 me
412 2833 619 2922 suffragantem
651 2831 786 2908 habebit,
815 2834 928 2898 etiamsi
956 2832 1065 2897 nullam
1092 2832 1135 2898 ibi
1163 2846 1263 2899 notam
1293 2835 1451 2900 sententiae

339 2982 406 3026 vere
428 2958 606 3024 lasharanae
629 2958 700 3022 mihi
724 2961 806 3022 visus
829 2979 894 3022 sum
918 2956 1144 3045 deprehendere.
