3166 5178
559 757 820 838 CAPITULUM
846 761 883 835 ll.

217 939 324 999 Veritas
348 939 441 998 divina
462 943 491 998 in
513 940 605 1000 Sacris
627 941 738 998 Litteris
760 939 909 1000 identidem
933 941 984 998 sub
1007 942 1090 1018 pallio
1112 942 1180 1000 latet
1202 949 1229 998 ct

612 1032 760 1131 retegendo
783 1067 832 1114 est.

670 1211 775 1221 —n-a-

253 1357 365 1432 Quodsi
379 1355 502 1421 verbum
516 1357 571 1422 Dei
592 1359 684 1444 ipsius
707 1391 742 1404 -*
762 1359 889 1422 revelata
904 1355 1016 1422 divinae
1037 1363 1166 1424 veritatis
1190 1362 1279 1446 signi·

162 1485 285 1558 licatio,⁸
304 1485 503 1569 optatissimus
532 1482 579 1546 ille
608 1481 681 1547 coeli
713 1485 834 1548 nundus
868 1518 902 1530 -
934 1504 995 1548 non
1022 1486 1053 1548 in
1080 1485 1177 1550 littera
1205 1507 1280 1574 quac

163 1608 283 1684 occidit,
308 1606 361 1672 sed
387 1611 418 1670 in
440 1611 560 1694 spiritu,
585 1610 635 1696 qui
654 1607 783 1674 ¹vivificat
806 1604 860 1689 (Ι).
876 1607 960 1672 Paul.
983 1608 1022 1672 ad
1039 1607 1106 1672 Cor.
1122 1609 1163 1686 II,
1181 1609 1217 1686 3,
1234 1606 1278 1691 6),

163 1732 360 1822 quaerendum
376 1745 437 1810 est,
461 1745 520 1796 non
543 1735 574 1796 in
596 1733 716 1820 singulis
740 1731 862 1820 syllabis
885 1745 915 1796 et
936 1733 1116 1798 locutionum
1132 1735 1277 1811 clausulis,

163 1858 274 1922 sedin
303 1861 439 1922 universa
467 1879 618 1924 sacrorum
645 1857 787 1922 librorum
817 1880 972 1946 compage,
997 1863 1226 1936 continuatione,
1251 1873 1279 1925 ct

163 1996 320 2061 concentu,
342 1986 502 2070 insipientis
526 1997 570 2048 ost
593 2005 710 2070 sperare
733 1983 795 2048 iore
821 1997 856 2048 ut
877 1986 1044 2050 interiorem
1066 1982 1174 2050 Sacrae
1197 1982 1277 2050 Scri·

161 2122 265 2195 purrac
288 2131 406 2176 sensum
428 2108 536 2198 ubique
560 2112 643 2196 quasi
665 2109 842 2196 primoribus
865 2109 954 2174 labris
976 2123 1095 2197 gristare
1122 2111 1220 2188 liceat,
1244 2124 1279 2176 ut

161 2247 299 2322 tanquam
321 2236 436 2321 plumas
462 2239 493 2298 in
520 2255 633 2300 summa
657 2255 733 2322 aqna
756 2235 950 2312 colludentes,
974 2239 1014 2300 ita
1044 2240 1185 2323 scriptmn
1208 2236 1277 2324 Spi-

162 2364 235 2424 ritus
252 2358 352 2424 Sancti
365 2363 562 2424 testimonium
578 2361 712 2447 colligere
728 2359 893 2425 debeamus.
924 2359 1015 2424 Immo
1030 2363 1099 2426 v'ero
1116 2383 1175 2448 quo
1191 2363 1277 2428 altius

163 2488 300 2550 rimamur
322 2486 436 2550 occulta
463 2486 513 2550 illa
539 2486 694 2572 mysteria,
719 2507 753 2548 eo
776 2485 868 2550 tutius
898 2484 935 2550 ad
964 2507 1071 2572 corpus
1100 2489 1196 2571 ipsum
1224 2509 1277 2572 per

163 2611 323 2675 velamenta
345 2633 378 2674 ac
399 2623 494 2675 vestes
517 2609 753 2698 penetrabimus,
775 2631 833 2697 quo
854 2613 945 2697 magis
968 2613 1152 2697 expiscamur
1175 2623 1277 2697 operta

162 2736 214 2800 Dei
241 2736 392 2813 mandata,
418 2759 451 2800 eo
474 2738 655 2804 constantius
683 2735 890 2822 indipiscemur
913 2735 1056 2802 Crantoris
1084 2738 1177 2802 nostri
1203 2759 1275 2824 pro-

161 2864 257 2926 missa.
286 2859 355 2926 Non
370 2864 463 2926 otioso
484 2874 572 2950 atquc
595 2860 673 2926 aliud
697 2873 825 2948 agentes,
850 2861 902 2926 scd
925 2885 1038 2928 summo
1061 2865 1128 2928 nisu
1150 2875 1179 2927 et
1193 2865 1276 2952 quasi

160 2990 277 3052 armatis
302 2987 392 3052 ocubs
414 2989 445 3050 in
461 2985 643 3074 Scripturam
665 2990 854 3073 introspicere
870 2987 1019 3064 debemus,
1044 2990 1068 3052 si
1089 2999 1199 3052 certum
1223 2989 1275 3052 ali·

161 3135 246 3202 quern
275 3125 306 3176 ct
332 3125 480 3178 maturum
500 3111 669 3199 'relligionis
699 3109 827 3178 fructum
857 3111 923 3178 inde
947 3111 1101 3200 deportare
1128 3114 1273 3182 volumus.

160 3238 315 3326 Ceteroqui
337 3237 458 3304 verbum
481 3238 561 3302 istud
584 3235 788 3302 &sconditum
810 3238 938 3304 manebit
961 3239 1055 3316 nobis,
1074 3259 1167 3328 neque
1189 3240 1274 3304 intel-

159 3365 281 3451 ligemus
306 3386 339 3427 ea
362 3385 436 3452 quae
459 3366 568 3451 scripta
590 3375 660 3430 sunt
683 3359 770 3445 (Luc.
786 3359 892 3439 XVIII,
909 3358 974 3447 34).
1022 3362 1083 3429 Sed
1106 3377 1207 3428 contra
1230 3365 1274 3429 di·

160 3503 234 3554 serte
254 3493 455 3576 pronuntiavit
468 3488 568 3553 lesus:
592 3489 682 3552 »nihil
698 3501 832 3575 operttnn
854 3490 993 3577 estquod
1015 3513 1075 3553 non
1088 3489 1273 3565 revelabitur,

160 3628 189 3678 ct
212 3615 358 3678 occidtum
382 3614 463 3702 quod
484 3637 545 3678 non
568 3618 694 3678 scietur«
718 3609 835 3696 (March.
852 3607 975 3698 X‚'26).
997 3615 1096 3704 Atque
1118 3613 1197 3680 Idem
1220 3639 1273 3680 nos

159 3739 324 3804 admonuit:
347 3743 456 3825 »petite
479 3751 508 3803 et
531 3739 649 3804 dabitur
671 3737 770 3803 vobis:
795 3744 937 3827 quaerite,
963 3753 991 3804 et
1018 3743 1181 3806 invenictis:
1205 3743 1271 3829 pul·

158 3878 235 3942 satc,
266 3878 302 3928 et'
322 3867 469 3951 aperietur
497 3865 595 3942 vobis;
623 3868 715 3928 omnis
745 3869 817 3929 enim
848 3869 898 3954 qui
925 3870 998 3953 petit
1025 3868 1143 3953 accipit,
1168 3880 1197 3930 et
1224 3870 1273 3954 qui

159 3994 272 4078 quaerit
293 3993 420 4067 invenit,¹
436 4003 465 4054 et
486 3991 615 4077 pulsanti
638 3993 802 4077 aperietur«
827 3986 944 4074 (Matth.
957 3990 1020 4069 Vll,
1039 3991 1067 4057 7.
1087 3987 1129 4073 8).
1164 3989 1221 4056 Vcl
1242 3994 1273 4054 in

158 4113 235 4180 Novi
264 4115 443 4180 Testamenti
470 4115 551 4180 libris
580 4117 672 4181 inculta
701 4116 857 4184 etiamdum
884 4128 1009 4193 restant,
1038 4129 1125 4204 atquc
1152 4138 1186 4180 ca
1212 4138 1283 4194 non,

158 4245 241 4328 parvi
263 4246 410 4318 momenti,
428 4263 502 4329 qaue
518 4241 793 4306 commentatoribus
809 4241 940 4306 fraudem
961 4241 1100 4317 feceram,
1117 4253 1271 4328 propterea

160 4366 321 4444 dumtaxat,
345 4371 413 4454 quia
434 4370 464 4432 in
485 4367 531 4430 his
554 4366 641 4432 rebus
658 4366 847 4446 dilucidandis
869 4367 968 4454 paullo
990 4367 1182 4456 negligentius
1204 4391 1270 4433 ver·

160 4495 216 4556 sati
238 4505 328 4558 erant.
358 4491 399 4558 Ut
420 4515 480 4558 uno
497 4493 630 4580 exemplo
646 4491 802 4583 defungar,
826 4492 897 4584 qttid
918 4492 957 4560 ad
979 4493 1180 4560 christianismi
1194 4497 1269 4558 veri·
