3164 5176
595 350 804 459 „gum

486 701 914 792 COMMENTARIUS.

647 914 753 924 ...n——

228 1058 413 1146 Hucusque
442 1062 472 1124 in
497 1059 668 1125 collectione
691 1059 855 1123 lasharana
877 1057 1059 1124 restituenda
1081 1077 1259 1147 progressus

139 1208 206 1250 sum
228 1187 405 1250 testimoniis
428 1208 466 1249 cx
489 1188 531 1250 rei
554 1187 648 1272 ipsius
672 1197 779 1248 natura
801 1187 904 1273 potius
921 1205 1008 1272 quam
1027 1183 1145 1248 aliunde
1160 1187 1259 1270 petitis

139 1313 265 1375 innisus.
300 1309 375 1375 Nam
400 1311 455 1375 hac
478 1313 732 1398 argumentatione
754 1333 828 1375 usus
852 1332 928 1374 sum.
964 1311 1035 1374 Fuit
1050 1309 1169 1397 quidam
1187 1307 1262 1374 liber

140 1458 193 1500 seu
216 1450 385 1523 poematum
409 1435 581 1513 fasciculus,
611 1440 662 1523 qui
686 1431 786 1540 Ἶῐζὶῖη
812 1441 889 1543 tp?
919 1435 1136 1522 appellabatur,
1173 1458 1261 1523 quem

140 1561 253 1626 scribae
267 1562 458 1627 Masorethiei
480 1562 526 1626 bis
550 1565 715 1627 citaverunt
736 1574 823 1648 atque
843 1583 898 1625 suo
916 1563 999 1648 operi
1014 1565 1260 1626 intertexucrunt.

141 1685 202 1752 Sed
226 1687 401 1752 vocabulum
426 1683 501 1791 ἾΨᾎ
529 1686 663 1775 designat
690 1687 769 1750 illam
795 1686 973 1774 probitatem
997 1709 1013 1750 a
1037 1710 1096 1775 qua
1119 1689 1261 1774 primaevi

141 1811 274 1877 homines
299 1813 528 1890 declinaverant,
553 1812 702 1900 adquam
726 1812 956 1878 conservandam
981 1835 1015 1876 ac
1037 1811 1261 1900 propagandam

141 1940 221 2002 natio
237 1937 433 2004 Israelitarum
458 1941 590 2025 sejuncta
614 1951 659 2002 cst
681 1952 769 2026 atque
793 1938 889 2003 aDeo
913 1940 980 2026 ipso
1003 1937 1126 2003 erudita.
1163 1935 1261 2019 Quum

140 2065 233 2150 igitur
254 2064 347 2128 multa
370 2077 487 2130 exstent
510 2077 645 2151 poemata
661 2064 707 2127 rel
730 2077 899 2150 poematum
924 2062 1100 2150 fragmenta,
1126 2085 1201 2150 quae
1224 2061 1262 2125 ad

139 2187 199 2251 hoc
215 2203 427 2276 argumentum
454 2189 609 2254 manifesto
632 2192 794 2275 pertinent,
825 2201 1053 2254 consentaneum
1077 2201 1122 2253 est
1145 2187 1262 2253 credere

141 2313 213 2377 haec
243 2318 340 2379 omnia
368 2316 437 2380 olim
461 2337 498 2380 ex
520 2315 569 2379 illa
593 2314 763 2379 collectione
787 2313 917 2379 abscissa
940 2335 1018 2391 esse,
1050 2326 1202 2400 excerpta,
1234 2323 1263 2378 et

142 2437 306 2525 desumpta.
343 2439 377 2503 ln
400 2443 569 2504 universum
593 2462 626 2503 ea
650 2452 695 2502 cst
718 2443 932 2526 argumentatio
956 2461 1035 2516 mea,
1061 2459 1149 2528 quam
1173 2441 1262 2502 variis

140 2563 299 2629 identidem
323 2564 551 2630 deductionibus
575 2568 615 2628 ita
638 2567 816 2641 sustentari,
845 2568 898 2628 rix
920 2565 1055 2628 utullus
1078 2563 1263 2650 relinquatur

142 2687 321 2754 dubitationi
349 2689 449 2768 locus,
480 2694 576 2778 sitque
600 2690 840 2755 verisimillimum
869 2711 930 2753 rem
957 2692 998 2753 ita
1022 2711 1053 2753 se
1075 2688 1197 2765 habere,
1228 2701 1264 2754 ut

136 2812 280 2899 judicavi.
315 2815 379 2878 lam
398 2837 470 2881 vero
493 2819 524 2878 in
548 2815 664 2879 duabus
687 2816 809 2901 reliquis
835 2819 932 2904 operis
948 2815 1104 2879 lasharani
1126 2813 1262 2900 partibus

141 2941 173 3002 in
196 2939 366 3005 solidiorem
389 2944 572 3028 provinciam
597 2940 818 3020 descendimus,
841 2944 923 3028 ipsae
939 2943 1093 3004 citationes
1109 2952 1176 3004 aute
1192 2961 1264 3005 ocu·

141 3063 188 3128 los
211 3087 242 3128 se
265 3065 401 3145 traduut3
427 3079 457 3130 et
478 3079 581 3131 testem
606 3067 755 3131 oculatum
772 3065 924 3144 habemus,
950 3070 1001 3154 qui
1017 3067 1071 3130 has
1087 3069 1262 3153 scriptiones

142 3211 175 3254 se
196 3212 233 3253 ex
249 3190 326 3254 libro
341 3191 506 3256 lasbarano
524 3192 722 3280 desumpsisse
737 3193 922 3280 profiteatur.
956 3192 1074 3280 ltaque,
1099 3193 1157 3258 hoc
1172 3192 1263 3256 modo

141 3317 313 3380 ratiocinor.
349 3314 448 3398 Quum
470 3329 530 3382 tres
554 3331 652 3382 essent
674 3317 823 3381 mirandae
838 3318 944 3404 populi
957 3317 1108 3381 Israelitiei
1124 3320 1264 3382 victoriae

142 3440 190 3505 vel
212 3439 410 3519 liberationes
436 3463 561 3530 quarum
586 3443 660 3507 duae
675 3443 771 3508 Mosis
795 3455 824 3506 ct
839 3440 974 3507 Deborae
997 3443 1121 3528 singulis
1144 3445 1263 3507 canticis

142 3565 335 3644 celebrentur,
360 3587 435 3655 quae
459 3568 498 3632 ad
519 3591 575 3632 nos
591 3571 705 3656 integra
720 3569 922 3656 pervenerint,
947 3587 1018 3630 num
1035 3563 1171 3630 credibile
1188 3566 1265 3631 foret

142 3694 273 3770 tertiam,
303 3691 413 3758 Josuac
437 3693 519 3770 dieo,
544 3694 709 3759 lasharano
735 3691 858 3759 Cantico
883 3704 1138 3766 commemoratam
1162 3690 1266 3769 fuisse,
1373 3751 1376 3758 .

143 3819 228 3904 cujus
244 3816 439 3906 fragmentum
456 3822 486 3884 in
503 3823 640 3884 citatione
652 3819 852 3886 Masorethiea
868 3832 1069 3897 conservetur,
1086 3819 1150 3884 illas
1167 3830 1265 3882 autem

144 3947 273 4009 caruisse
289 3958 355 4008 vate
378 3965 473 4023 sacro,
497 3945 544 4010 vel
566 3949 668 4032 potius
693 3967 785 4032 quum
800 3959 867 4010 vate
890 3969 974 4011 sacro
998 3949 1116 4010 minime
1134 3952 1266 4010 carerent

144 4069 342 4157 aprobitatis
371 4069 447 4134 libro
479 4074 541 4135 sine
570 4071 631 4135 ullo
660 4072 834 4157 postliminii
854 4073 922 4156 jure
946 4067 1119 4136 exsulasse?
1152 4068 1265 4134 Deinde

145 4213 225 4274 vero,
251 4217 343 4283 quum
365 4189 494 4261 Derides
519 4195 676 4261 adversum
700 4193 783 4262 Sauli
805 4197 951 4284 proelium
975 4197 1066 4284 elegia
1090 4216 1266 4260 commemo·

143 4333 254 4400 rassct,
286 4343 374 4408 quam
398 4321 563 4388 Jasharano
593 4321 669 4387 libro
700 4323 842 4388 inclusam
870 4322 984 4409 populo
1008 4344 1063 4386 suo
1087 4321 1266 4386 recitandam

144 4449 320 4535 proposuit,
356 4469 428 4514 num
464 4447 600 4518 credibile
628 4445 706 4516 leret
733 4451 847 4535 regium
876 4448 957 4513 illum
986 4459 1105 4534 poetam
1132 4447 1189 4514 alia
1216 4446 1266 4512 illa

1018 4569 1052 4625 16
