3160 5170
815 329 889 404 154

288 557 389 604 uouex.
398 555 447 617 [14]
469 541 529 607 Eu!
554 540 685 606 Jehovae
707 540 762 604 Dei
785 541 830 603 tui
854 553 924 604 sunt
947 540 1021 604 eoeli
1045 553 1074 606 et
1097 541 1170 606 coeli
1194 541 1360 618 coelorum,

472 667 565 731 Terra
588 678 617 730 et
640 649 738 732 orunia
761 685 837 752 quae
860 663 933 730 inibi
956 677 1044 743 sunt3

398 807 446 867 [15]
471 791 531 857 Sed
553 804 651 856 tumen
673 792 800 878 majores
823 802 893 864 tuos
917 802 1001 854 tauto
1026 811 1126 855 amore
1150 791 1303 877 amplexus
1327 805 1387 868 est,

471 915 603 994 Uerus,
629 938 732 982 eorum
753 918 940 1004 progeniem,
967 937 1005 979 ex
1028 913 1166 979 omnihus
1189 915 1328 1004 gentibus
1352 911 1412 981 ole'·

821 1043 911 1129 gerit,
937 1043 1014 1104 sieut
1034 1040 1125 1105 hodie
1149 1054 1272 1106 consue.

400 1182 448 1245 [re]
474 1167 680 1234 circumcidite
702 1169 794 1254 igitur
816 1168 1006 1252 praeputium
1029 1164 1128 1231 cordis
1151 1168 1257 1244 vestri,

471 1292 533 1359 Nee
556 1293 682 1379 amplius
706 1291 855 1356 obstinate
879 1293 1005 1356 eervices
1029 1303 1153 1356 vestras.
1252 1349 1273 1398 ι

400 1433 449 1495 [er]
474 1416 856 1506 Quandoquidomiehovo
878 1415 960 1480 Deus
983 1429 1081 1482 vester
1103 1429 1149 1481 oet
1170 1415 1250 1482 Deus
1275 1416 1410 1494 deorum,

559 1535 562 1542 ’
823 1554 853 1606 et
874 1540 1020 1605 Dominus
1045 1539 1248 1618 dominorum,
1364 1559 1370 1570 ’

472 1670 554 1735 Deus
576 1669 626 1734 Ille
649 1680 694 1733 est
716 1687 850 1754 magnus,
874 1679 993 1753 potens,
1016 1665 1164 1744 terribilis,

473 1795 532 1879 Qui
561 1817 622 1860 uon
645 1792 736 1858 heber
756 1814 951 1879 personarum
973 1805 1138 1881 respectum
1161 1815 1215 1858 noe
1237 1792 1410 1860 muneribus

823 1921 948 2004 acceptis
973 1916 1130 2006 obligatur.

401 2059 450 2122 [ιε]
474 2044 602 2112 Causam
624 2046 687 2132 ogit
707 2043 815 2132 pupilli
836 2056 867 2108 et
889 2043 1012 2120 viduae,

471 2171 562 2238 Amat
582 2173 772 2259 peregrinum
794 2172 879 2256 eique
901 2171 1014 2235 vietum
1037 2167 1089 2234 dar
1109 2191 1144 2233 oo
1166 2172 1314 2235 vestitum.

289 2307 291 2312 ’
403 2316 450 2370 [ro]
472 2299 537 2363 Vos
560 2300 652 2385 igitur
674 2307 802 2361 amatore
825 2296 1008 2382 peregrinos,

473 2423 621 2507 Quoniam
644 2434 674 2486 eu
694 2424 753 2508 ipsi
777 2419 874 2485 fusus
898 2421 1046 2507 peregrini
1069 2424 1099 2484 iu
1121 2419 1272 2508 Aegypto.

402 2568 449 2621 [ro]
471 2549 617 2616 Jehovam
639 2546 735 2612 Deum
758 2559 844 2613 tuum
867 2548 936 2610 timo
960 2558 990 2610 et
1012 2547 1089 2622 eole,

471 2677 532 2765 Ipsi
555 2673 695 2750 adhaere,
720 2685 749 2736 et
771 2693 824 2757 per
846 2693 955 2738 nomen
978 2672 1042 2756 ejus
1061 2671 1140 2757 jure.
1193 2743 1196 2751 ¹

402 2820 449 2874 [ιι]
472 2803 537 2889 Ipso
560 2813 606 2866 est
627 2800 692 2864 laus
715 2811 768 2862 tua
791 2809 821 2863 oi
841 2796 923 2864 Deus
946 2809 1027 2876 tuus,

474 2925 532 3009 Qui
554 2925 623 2990 feeit
644 2923 700 2989 tibi
721 2944 828 3011 magne
851 2922 923 2987 haee
946 2934 975 2987 et
997 2920 1154 2999 terribilia,
1180 2943 1256 3008 quae
1272 2920 1412 2987 viderunt

824 3048 902 3116 oculi
924 3050 979 3115 tui.

323 3224 377 3266 Μ,
418 3189 449 3243 [1]
472 3176 549 3244 Arna
560 3178 651 3264 igitur
662 3173 807 3244 Jehovam
818 3173 914 3238 Deum
926 3186 1012 3237 tuum
1023 3184 1053 3236 et
1065 3170 1191 3236 observa
1203 3193 1318 3259 semper
1329 3193 1412 3236 men-

290 3157 403 3209 Deuffl.

825 3298 892 3364 data
903 3299 976 3384 ejus,
986 3310 1151 3384 praeopta,
1161 3311 1273 3364 statuta
1282 3311 1311 3364 et
1319 3298 1410 3385 leges.

418 3445 450 3498 [e]
473 3424 608 3493 Novistis
636 3428 712 3492 euim
735 3423 839 3503 hodio,
871 3421 953 3510 quod
976 3422 1028 3485 filii
1050 3426 1096 3486 tui
1117 3444 1180 3488 nou
1202 3425 1318 3510 experti
1340 3436 1412 3489 sunt

822 3561 875 3614 out
897 3547 1049 3624 viderunt,

471 3677 582 3766 Magna
605 3678 669 3763 ejus
693 3698 798 3764 opera,
829 3695 949 3740 manum
972 3674 1036 3759 ejus
1059 3673 1186 3739 validam
1209 3687 1238 3740 et
1261 3685 1411 3740 exsertum

821 3799 990 3875 brachium,

418 3946 449 4001 [e]
473 3927 512 3994 Et
524 3929 609 4015 siguo
620 3938 650 3992 ot
661 3925 799 4004 facinora,
814 3948 889 4013 quae
900 3927 1031 4010 patravit
1041 3927 1072 3988 in
1083 3923 1223 4012 Aegypto
1235 3926 1266 3989 iu
1276 3923 1412 3988 Pharao·

822 4071 889 4114 nem
912 4071 1010 4138 regem
1027 4050 1187 4136 omnesque
1206 4049 1269 4135 ejus
1287 4049 1409 4126 incolas,

417 4197 448 4251 [4]
472 4182 504 4246 lu
529 4201 645 4244 ornnem
668 4179 828 4244 exereitum
844 4175 1063 4264 Aegyptiorum
1082 4197 1233 4263 equosque
1250 4187 1279 4240 et
1294 4197 1409 4252 currus,

474 4305 633 4390 Quomodo
657 4326 709 4370 eos
732 4305 817 4392 equis
839 4305 922 4368 sinus
938 4300 1058 4368 Arabici
1074 4301 1221 4380 obruerit,
1247 4323 1340 4389 quum
1355 4323 1410 4368 vos

822 4440 1078 4519 persequerentur,
