3172 5186
669 357 745 432 353

151 591 255 636 verum
278 571 363 634 etiem
386 571 524 636 universa
546 567 666 638 Petrum
687 565 950 656 Rabbinorumquc
973 567 1093 636 traditio
1117 581 1263 636 testantur

152 717 218 762 euru
242 694 298 761 ‘de
320 693 519 790 Pentateucho
544 697 653 781 optime
676 696 810 760 meritum
834 716 912 770 esse,
937 707 966 766 et
987 707 1054 760 anto
1075 693 1263 761 teramnae

152 819 282 886 adfuisse
296 819 537 894 Pentateuchum
555 819 649 906 qualis
670 841 723 906 per
737 818 840 884 Escam
856 831 885 884 et
905 830 975 905 post
991 841 1056 884 eum
1072 813 1262 901 innotuit«¹).

151 945 191 1012 llt
204 967 297 1033 quum
312 943 473 1010 Nehemiah
487 943 660 1031 perhibetur
675 939 906 1024 (truncentur,
923 941 983 1026 13)
999 965 1150 1010 sacrorum
1171 943 1267 1015 libro-2

152 1091 218 1136 rnrn
242 1071 440 1136 collectionem
464 1089 657 1156 comparasse,
674 1068 829 1134 verisimile
850 1068 967 1132 videtur
988 1069 1066 1136 illins
1090 1090 1209 1157 quoquc
1232 1071 1262 1136 in

153 1195 210 1264 hnc
229 1218 262 1260 re
284 1217 404 1283 magnas
420 1193 509 1260 luisse
531 1207 630 1280 partes
646 1190 786 1274 (Nedem.
797 1193 849 1269 IX,
867 1189 919 1260 38.
942 1193 982 1270 X,
999 1194 1026 1258 l.
1043 1192 1086 1261 28
1098 1215 1162 1282 sqq.
1185 1193 1263 1272 XIII,

156 1319 275 1409 loqu).
314 1319 353 1388 Ut
375 1321 564 1386 nocentissimi
590 1319 680 1406 hujus
704 1318 840 1396 editoris,
864 1321 925 1384 siva
948 1323 973 1384 is
992 1298 1070 1386 'Esca
1091 1317 1180 1387 fuerit
1201 1322 1263 1390 sire

152 1448 269 1511 serioris
299 1447 378 1521 aevi,
403 1467 471 1509 vera
494 1447 618 1532 vestigio
646 1443 913 1531 deprehendamus,
943 1444 1017 1509 nihil
1045 1443 1156 1520 habeo,
1181 1444 1263 1532 quad

152 1571 310 1644 conferam,
333 1583 450 1657 praeter
472 1571 669 1656 conjecturam
696 1583 805 1647 moam3
834 1567 971 1657 suspicor
993 1573 1069 1636 enim
1092 1573 1264 1657 antiquissi-

151 1719 225 1762 mam
249 1699 397 1762 materiam
420 1693 461 1762 ibi
485 1716 558 1771 esse,
581 1694 632 1760 ubi
648 1694 742 1760 Deum
759 1694 868 1782 duplici
891 1697 1008 1760 nomine
1030 1693 1263 1764 delicatuli-Elo-

151 1821 213 1886 lim
229 1821 411 1908 designatum
433 1821 571 1908 legimus3
593 1819 758 1886 lllohistam
775 1820 869 1886 exsilii
885 1819 1058 1908 Babyloniei
1074 1822 1264 1890 concinnasse
1319 1849 1325 1855 ·

152 1950 263 2023 omnin,
288 1967 363 2034 quae
387 1967 478 2012 unum
507 1967 612 2011 nomen
635 1943 762 2010 Elndim
785 1943 940 2023 exhibent3
969 1957 1141 2013 renovatum
1166 1958 1263 2010 autern

151 2073 280 2140 Ichovae
309 2073 419 2140 cultum
449 2083 479 2136 et
503 2073 698 2137 novissimum
718 2069 870 2136 Editorem
899 2070 1070 2158 significari,
1094 2071 1263 2158 ubicunque

150 2197 280 2264 Ichovae
302 2213 409 2260 nomen
437 2218 490 2283 per
513 2218 543 2260 se
570 2199 710 2261 inseritur
733 2194 901 2276 (Christian
925 2195 1106 2286 Ortdcdocy
1127 2219 1157 2282 p.
1174 2191 1262 2278 232).
1343 2205 1348 2216 '

151 2323 229 2388 llaec
250 2305 417 2408 conjectura
433 2343 467 2388 eo
484 2324 628 2399 innititur,
645 2321 728 2409 quod
749 2343 849 2386 ornnes
873 2321 939 2398 loci,
962 2324 992 2386 in
1009 2321 1117 2410 quibus
1132 2320 1263 2387 lehovnc

150 2471 257 2514 nomen
280 2448 433 2513 dumtaxat
455 2449 613 2523 invonitur,
631 2467 757 2534 quorum
781 2447 904 2512 iudicem
928 2446 1008 2534 opud
1031 2447 1158 2512 Keilium
1182 2449 1264 2510 inve·

150 2579 212 2640 nies
229 2571 405 2656 (Lelrbreclc
426 2573 482 2638 der
503 2571 838 2637 doctoralem-lerinum
853 2569 1035 2659 Eleleitueey
1056 2573 1090 2636 e're
1106 2572 1135 2638 d.
1149 2571 1262 2637 kadon.

152 2699 239 2766 Soleo.
253 2700 281 2764 d.
290 2700 327 2764 A.
337 2699 371 2763 T.
382 2721 413 2786 p.
424 2695 488 2781 82),
506 2699 573 2762 stilo
591 2711 620 2763 et
634 2696 733 2774 robus,
750 2717 823 2784 quas
840 2710 1077 2775 commemorant,
1093 2696 1129 2762 ad
1145 2709 1262 2785 ternpus

150 2825 442 2914 post-babylonicum
464 2823 639 2888 reseruntur.
665 2821 704 2888 Ut
723 2846 783 2889 uno
806 2823 940 2911 exemplo
958 2823 1109 2912 defungar,
1126 2825 1157 2886 in
1172 2821 1263 2888 leho-

151 2955 254 3017 vistiea
278 2952 325 3016 illa
352 2953 483 3038 gentium
509 2951 726 3014 enumeratione
750 2945 840 3030 (Gen.
857 2971 898 3013 cc.
914 2949 953 3014 X.
968 2948 1029 3030 xl)
1054 2947 1180 3014 Graecos
1208 2969 1263 3012 no·

151 3081 227 3142 mine
250 3082 293 3181 m
314 3076 481 3164 designatos
505 3074 647 3139 videmus.
676 3073 718 3140 At
741 3087 857 3139 constat
876 3075 952 3139 illam
970 3072 1106 3139 Graeciae
1129 3072 1264 3162 designa·

151 3208 260 3269 tionem
275 3200 435 3266 Alexandri
451 3201 551 3288 Magni
569 3199 683 3264 domum
708 3212 800 3265 aetate
824 3199 861 3264 ab
878 3202 998 3266 orientis
1016 3198 1153 3288 genubus
1173 3197 1262 3263 luisse

151 3340 323 3416 usurpatam
340 3325 418 3408 (vide
431 3325 574 3415 Schlegel
590 3325 778 3413 Rdmdyaen
792 3325 814 3402 l,
832 3325 861 3390 2.
886 3348 915 3412 p.
927 3323 1004 3403 1693
1029 3324 1180 3401 Cercetio,
1195 3324 1262 3391 Re·

151 3461 286 3544 mdyuna
298 3453 353 3530 Vl,
366 3475 397 3539 p.
410 3449 498 3533 443).

238 3577 490 3643 Addasharana'm
513 3577 647 3665 syllogen
670 3573 888 3652 restituendam,
914 3574 994 3639 haud
1015 3577 1056 3638 ita
1078 3575 1175 3658 magni
1199 3591 1263 3634 mo·

151 3707 239 3771 monti
263 3717 308 3770 est
323 3702 491 3768 distributio
513 3703 561 3768 illa
577 3701 767 3767 Pentateuehi
790 3705 866 3766 inter
880 3700 1072 3774 Ichovistam‚
1088 3697 1261 3774 Elohistam,

152 3845 181 3898 ct
202 3828 582 3896 lehovistlco-Elohistam.
620 3826 693 3892 Nam
718 3849 817 3892 omnes
841 3827 1108 3913 quinquennionum
1135 3822 1261 3887 editores

152 3981 190 4023 ex
207 3955 353 4022 veteribus
376 3953 457 4018 libris
481 3976 563 4018 suam
582 3956 707 4042 quisque
730 3965 840 4040 portem
865 3952 983 4018 haurire
1005 3961 1176 4037 potuerunt.
1207 3949 1262 4014 Ar-

152 4106 208 4173 que
231 4087 261 4146 in
276 4081 388 4148 Genesi
409 4083 579 4167 praesertim
603 4077 676 4144 adeo
696 4090 768 4143 sunt
790 4079 947 4142 commixta
969 4089 998 4140 et
1014 4075 1135 4140 eonsusa
1154 4076 1261 4151 omnia,

151 4221 186 4274 ut
208 4209 292 4296 plano
314 4229 492 4294 nequeamus
517 4207 692 4270 constituere
716 4203 788 4292 quid
811 4206 936 4303 quisque
959 4201 1055 4270 editor
1077 4200 1113 4271 dc
1135 4221 1190 4268 suo
1210 4197 1262 4266 ad·

223 4472 244 4541 ¹)
267 4470 413 4538 Schumann,
431 4469 537 4526 Genesin
554 4487 577 4544 p.
589 4467 731 4525 XXXVIII.
