3152 5160
765 355 978 468 —114-

311 569 477 633 Palaestina
499 580 631 654 tempore
653 564 805 644 Dehorae,
837 566 968 632 ostendit
991 587 1080 653 quam
1108 565 1165 630 late
1187 577 1323 653 paterent
1346 568 1433 632 istius
1513 650 1515 656 Α

310 696 406 781 gentis
429 695 601 770 errationes,
626 713 701 780 quae
725 713 827 779 sparsa
850 691 980 758 membra
1003 689 1045 755 ihi
1067 691 1265 777 reliquissent.
1306 687 1435 756 Constat

311 830 424 895 auum,
457 820 569 882 etiamsi
599 819 629 882 in
657 819 785 882 transitu
808 839 861 904 per
885 816 1033 882 desertum
1056 815 1260 903 Amalequitae
1283 817 1347 880 sine
1369 815 1432 880 ullo

310 942 512 1008 Kinnaeorum
535 943 647 1008 auxilio
670 942 809 1007 Israelitis
830 940 1025 1020 obstiterunt,
1049 941 1242 1007 nihilominus
1257 953 1356 1006 tamen
1371 963 1435 1004 arn·

309 1066 363 1132 bas
387 1079 489 1154 gentes
512 1071 543 1132 in
566 1069 705 1133 vaticinio
728 1067 850 1132 Bileami
873 1069 1002 1132 venienti
1024 1069 1128 1131 ruinae
1151 1065 1275 1130 devotas
1299 1087 1378 1143 esse,
1404 1077 1435 1130 et

309 1206 477 1257 nascentem
492 1192 761 1258 Abrahamidarum
784 1205 900 1280 gentem
925 1191 961 1256 ah
986 1203 1122 1280 utraque
1135 1191 1259 1278 injurias
1277 1213 1339 1256 uon
1356 1189 1434 1256 ohli-

310 1317 464 1383 viscendas
488 1319 644 1405 accepisse.

397 1442 503 1508 Restat
534 1446 655 1531 gravior
684 1441 856 1519 difficultas,
893 1462 969 1528 quae
996 1453 1094 1506 tamen
1121 1439 1160 1506 ad
1189 1443 1291 1506 vivum
1317 1453 1433 1507 resecta

200 1653 206 1662 .
309 1567 482 1634 historicam
509 1569 600 1654 hujus
623 1567 792 1656 Fragmenti
820 1569 1092 1654 interpretationem
1119 1568 1227 1631 mirum
1254 1569 1286 1630 in
1307 1564 1430 1632 modurn

310 1693 439 1759 illustrat
461 1706 550 1781 atque
573 1693 737 1794 confirmat.
774 1691 905 1758 Offensio
929 1704 1043 1770 autem,
1069 1711 1144 1780 quae
1160 1703 1283 1756 cunctos
1306 1691 1431 1757 lectores

309 1821 405 1903 primo
431 1818 540 1883 obtutu
564 1821 594 1882 in
618 1831 769 1905 stuporem
795 1817 859 1895 dat,
883 1817 956 1881 haee
978 1829 1033 1882 est.
1078 1815 1177 1899 Quum
1200 1817 1281 1881 Deus
1304 1816 1432 1882 edixerit

310 1945 499 2029 »quicunque
514 1942 651 2008 effuderit
664 1943 827 2008 humanum
843 1945 1025 2030 sanguinem,
1043 1939 1184 2007 fundetur
1199 1944 1319 2030 sanguis
1331 1941 1430 2008 itlius«

311 2062 403 2148 (Gen.
419 2066 477 2144 lX,
496 2064 551 2149 6),
582 2067 634 2154 qui
661 2067 710 2144 fit,
740 2080 775 2131 ut
804 2065 840 2130 ab
870 2066 925 2130 hae
954 2089 1051 2153 poena
1079 2089 1141 2150 non
1167 2066 1258 2132 modo
1282 2069 1431 2153 exceperit

309 2195 437 2278 primum
453 2191 646 2269 homicidam,
670 2194 736 2277 qui,
757 2193 833 2256 siout
848 2191 935 2256 Ixion
952 2191 1000 2256 ille
1020 2190 1198 2257 Graecorum
1216 2189 1321 2274 (Pind.
1336 2191 1427 2278 Pyth.

308 2310 445 2399 11,32):

354 2439 513 2525 ἐμφύλιον
527 2437 608 2525 αἷμα
622 2439 798 2528 πρώτιστος
813 2436 871 2508 οὐκ
886 2438 961 2526 ἄτερ
976 2443 1090 2522 τέχνας
1104 2439 1232 2526 ἐπέμιξε
1247 2443 1385 2516 θνατοῖς

311 2562 391 2651 (nam
413 2566 558 2632 Habelum
586 2569 662 2632 inter
684 2565 934 2634 confabulandum
958 2566 1064 2632 oceidit
1088 2565 1160 2632 Gen.
1176 2565 1227 2644 IV,
1244 2561 1293 2648 8),
1323 2588 1429 2632 rerum

309 2695 396 2757 etiam
431 2695 534 2778 eapitis
567 2712 651 2756 reum
687 2692 816 2778 septupli
850 2714 947 2779 poena
976 2704 1079 2758 eontra
1108 2691 1267 2756 violentam
1296 2690 1333 2755 ab
1363 2691 1428 2757 aliis

307 2815 417 2880 illatam
445 2837 545 2880 necem
572 2817 804 2903 praemuniverit
833 2811 925 2899 (Gen.
947 2816 998 2894 Ν,
1025 2812 1109 2899 15)l
1145 2817 1291 2904 imprimis
1319 2838 1427 2883 moneo

307 2961 435 3027 poenam
456 2941 592 3027 perpetui
616 2939 712 3004 exsilii
735 2952 764 3004 et
787 2943 942 3005 errationis
965 2944 996 3004 in
1012 2942 1135 3006 desertis
1150 2939 1323 3029 regionibus
1347 2936 1428 3023 (nam

307 3063 340 3128 id
368 3064 551 3151 significatur
574 3087 663 3130 versu
687 3059 746 3146 12)
776 3067 847 3130 satis
878 3063 1012 3131 acerbam
1041 3088 1119 3144 esse,
1148 3086 1244 3153 neque
1267 3065 1353 3130 aliam
1375 3088 1428 3131 ex-

308 3190 514 3275 cogitaverunt
531 3187 647 3266 Graeci,
673 3192 723 3276 qui
748 3189 921 3268 homicidas,
947 3189 1041 3255 donec
1059 3193 1178 3279 purgati
1193 3203 1306 3269 esseut,
1330 3213 1426 3256 errare

307 3325 337 3377 et
366 3313 501 3378 exsulare
531 3312 678 3399 jubebant
707 3309 793 3396 (vide
825 3313 858 3380 C.
885 3313 1068 3380 utrumn
1097 3314 1135 3380 ad
1162 3315 1271 3380 Aesch.
1301 3315 1425 3381 Idumen.

186 3523 189 3533 ⁸
268 3408 279 3428 ⁸
306 3459 336 3524 p.
356 3434 418 3504 136
435 3432 525 3526 sqq.).
562 3436 623 3504 Sed
638 3453 708 3503 'vera
730 3442 772 3504 rei
796 3440 953 3527 explicatio
969 3439 1108 3528 pendete
1124 3462 1213 3506 versu
1231 3437 1287 3506 13:
1310 3442 1426 3528 »majus

306 3575 351 3628 est
374 3563 469 3628 scelus
492 3585 605 3640 meum,
630 3585 719 3650 quam
743 3563 825 3652 quod
848 3565 1011 3630 condonari
1034 3568 1161 3651 possit«
1198 3563 1259 3630 En!
1283 3587 1426 3630 summam

306 3687 337 3748 irr
360 3707 458 3749 noxae
475 3709 526 3750 reo
541 3688 769 3773 poenitentiam!
793 3711 829 3753 en
845 3687 1059 3755 confessionem
1075 3692 1202 3776 peceati,
1228 3710 1303 3776 quae
1317 3687 1425 3754 Davidi

305 3806 469 3874 homicidae
499 3822 528 3874 et
556 3809 689 3876 adultero
719 3815 921 3878 remissionem
949 3817 1061 3901 peccati
1087 3817 1261 3902 procuravit
1284 3809 1321 3896 (2
1343 3811 1423 3879 Sam.

304 3933 372 4011 XII,
393 3929 462 4017 13)!
494 3933 569 4000 Nam
593 3935 722 4001 Davides
747 3941 921 4024 »peccavi«,
946 3941 1058 4027 inquit,
1084 3939 1336 4016 »rotehoven«,
1360 3951 1423 4003 tum

303 4055 437 4123 Nathan:
469 4063 612 4124 »remittit
635 4083 741 4148 ergo«,
772 4065 884 4149 inquit,
916 4061 989 4127 »ribi
1011 4063 1127 4128 Jehova
1149 4076 1302 4150 peecatum
1323 4075 1423 4129 tuum:

304 4186 558 4250 denemarca«
593 4184 707 4250 Eodem
729 4185 820 4251 modo
843 4185 924 4252 Deus
948 4188 1141 4275 supplicium,
1166 4209 1226 4277 quo
1250 4192 1282 4254 in
1298 4187 1423 4272 Quinum

303 4327 415 4380 usurus
438 4322 515 4387 erat,
544 4310 586 4374 illi
608 4313 732 4375 remittit
754 4324 784 4375 et
806 4311 965 4378 condonat.
1014 4311 1113 4396 Quum
1136 4315 1213 4378 enim
1238 4312 1350 4397 Qainus
1375 4311 1425 4378 de-

302 4428 442 4496 clarasset
471 4437 636 4512 severeri,
667 4458 719 4513 ne,
751 4440 919 4526 quicunque
946 4441 975 4502 in
1000 4459 1030 4502 se
1054 4437 1209 4516 incideret,
1239 4437 1421 4514 interficeret,
