3172 5186
676 326 751 401 335

418 537 522 620 μέγαν
544 535 696 618 circumc
720 537 752 602 δ’
770 529 999 614 ὕποδείσαντες

418 647 488 728 ucri
510 642 663 730 πτήξειαν
686 639 825 731 ἄφωνοι.

242 782 382 849 Similiter
404 784 518 850 Psaltes
541 787 685 852 lsraelitas
709 787 806 852 aDco
829 785 1022 852 desciscentes
1046 785 1185 852 describit
1205 781 1268 870 (Ps.

150 907 301 987 LXXVII,
319 905 389 991 34):

286 1037 317 1096 Si
331 1023 479 1095 nonnullos
495 1055 531 1096 ex
545 1038 585 1096 eis
599 1037 781 1098 interficiebat
795 1039 911 1110 Jehova,
927 1037 1095 1116 quaerebant
1110 1057 1182 1110 eum,

287 1145 323 1202 Et
336 1147 509 1222 poenitentes
525 1145 647 1206 studiose
663 1165 726 1206 eum
742 1147 876 1207 colebant.

241 1409 274 1474 In
289 1413 384 1497 prima
400 1410 522 1495 strophe
539 1406 601 1493 (vv.
619 1409 719 1493 5-7)
743 1410 927 1477 Praefectum
949 1413 1010 1475 sive
1032 1411 1194 1498 choragum
1210 1433 1271 1476 non

154 1535 236 1599 aliter
253 1535 287 1599 dc
310 1548 433 1621 patemo
450 1534 582 1600 lehovae
605 1539 637 1600 in
660 1559 731 1602 suos
756 1540 853 1601 animo
871 1539 1094 1602 concionantem
1116 1536 1269 1612 habemus,

153 1681 242 1746 quam
266 1681 358 1747 quum
371 1658 472 1724 Moses
495 1663 526 1723 in
543 1659 574 1724 X
590 1660 814 1728 Deuteronomii
838 1661 967 1747 capitulo
992 1656 1033 1742 (v.
1053 1655 1105 1742 18)
1130 1660 1270 1724 declarat:

154 1784 270 1848 »Deum
298 1806 383 1873 agere
406 1807 523 1850 causam
553 1785 660 1873 pupilli
683 1799 712 1850 et
734 1786 857 1864 viduae,
890 1807 987 1851 amare
1008 1788 1211 1873 peregrinum,
1243 1795 1273 1849 et

152 1911 323 1997 prospicere
345 1911 382 1976 iis
406 1909 442 1976 de
464 1913 546 1976 victu
569 1923 598 1976 et
620 1913 754 1976 amictus

244 2157 411 2226 Secundam
434 2161 588 2248 stropham
611 2155 673 2243 (vr.
690 2157 834 2244 8-11)‚
860 2181 936 2248 quae
958 2158 1110 2250 magnifice
1133 2159 1273 2224 describit

155 2296 298 2372 quantum
322 2284 483 2350 sc'lehove
496 2284 633 2350 lsrachtis
656 2288 688 2350 in
710 2285 826 2350 deserto
846 2289 1064 2361 monstraverit,
1089 2284 1270 2348 hemichorio

154 2413 288 2474 virorum
311 2412 441 2498 assigno,
467 2422 503 2473 ut
525 2431 601 2497 quae
624 2411 785 2476 masculum
808 2433 880 2498 prae
902 2432 934 2474 se
957 2409 1032 2473 ferat
1053 2411 1218 2495 ingenium,
1243 2421 1273 2472 et

155 2536 341 2600 intentiorem
365 2533 506 2622 efflagitet
528 2549 718 2615 concentum,
742 2548 831 2622 atque
849 2535 1042 2600 harmoniam.
1076 2533 1132 2598 Hic
1155 2534 1272 2598 enimsi

155 2680 282 2746 usquam
305 2657 484 2744 ἐπικωμίαν
506 2655 637 2746 ἀνδρῶν
660 2655 781 2726 κλυτὰν
802 2659 868 2724 ὄπα
890 2681 1033 2747 agnoscas
1057 2658 1132 2724 licet.

245 2906 359 2974 Suadet
386 2911 448 2996 ipse
478 2922 637 2976 contextus
665 2909 819 2999 stropham
841 2911 956 2976 tertiam
981 2904 1048 2992 (vv.
1072 2904 1231 2990 12-19)
1255 2930 1273 2971 a

155 3030 292 3096 muliebri
320 3031 502 3098 hemichorio
532 3033 714 3100 decantatam
742 3057 816 3100 essc.
858 3033 992 3117 Quantae
1019 3047 1116 3100 autem
1139 3037 1170 3099 in
1194 3035 1274 3099 omni

155 3155 352 3224 Israelitarum
375 3161 514 3226 ovatione
536 3158 646 3226 hrennt
668 3160 842 3226 seminarum
864 3173 964 3248 partes
988 3183 1079 3249 supra
1102 3160 1239 3226 vidimus.

244 3405 389 3472 Martialis
412 3420 441 3472 et
463 3409 684 3496 quodammodo
709 3409 837 3475 ferocior
855 3422 977 3497 quartae
996 3409 1136 3496 strophae
1154 3403 1216 3489 (vv.
1229 3405 1274 3472 20

161 3527 264 3614 -24)
288 3534 410 3619 spiritus
432 3534 517 3598 virile
539 3535 754 3600 hemichorium
776 3534 815 3599 ad
836 3548 936 3621 partes
958 3546 1088 3599 revocat.
1122 3530 1197 3596 Nam
1220 3533 1276 3595 mi-

157 3655 313 3723 nitabundi
342 3659 429 3724 simul
456 3680 490 3724 ec
514 3660 676 3745 jubilantes
699 3660 844 3727 lehovam
873 3658 1012 3724 laudibus
1035 3670 1065 3724 ct
1086 3659 1275 3723 veneratione

156 3794 381 3870 prosequuntur
403 3784 572 3850 choreutae.

247 4031 351 4098 Mitior
364 4033 480 4122 divinae
495 4057 622 4123 poeseos
638 4056 711 4100 aura
722 4034 936 4100 hemichorium
945 4033 1118 4098 seminarum
1130 4034 1162 4098 iu
1173 4035 1276 4120 quinta

159 4158 284 4244 stropha
299 4153 361 4241 (vv.
375 4154 519 4241 25-28)
535 4160 646 4247 prodit,
665 4159 718 4226 ubi
732 4140 844 4249 pompa
858 4159 997 4226 solemnia
1015 4161 1100 4246 quasi
1115 4156 1155 4224 oh
1172 4156 1275 4222 oculos

157 4303 297 4368 praesens
322 4282 502 4373 depingitur.

620 4451 823 4462 -.--———
