3166 5178
844 401 892 476 22

307 616 367 681 lara
391 614 555 702 significare
579 613 701 692 debent,
733 627 762 678 at
786 635 878 702 quum
901 611 995 678 LXX.
1021 633 1107 677 suum
1131 605 1234 688 εὐθύς
1256 613 1302 678 vel
1324 603 1434 698 ὀρθός

307 763 364 827 pro
388 736 461 843 ἾΨ]
483 753 643 826 reponant,
669 739 721 803 sed
742 762 799 825 pro
823 760 992 824 synonymo
1015 743 1104 841 ΡἾἾΨ
1121 735 1243 812 δίκαιος
1260 736 1429 823 subjiciant,

309 865 395 930 ambo
421 868 506 952 quasi
522 867 552 927 in
567 887 657 928 unam
674 863 917 951 significationem
933 862 1115 938 coalescunt,
1140 861 1267 949 ideoque
1282 866 1313 926 in
1329 861 1432 926 cadem

309 976 440 1055 clausula
464 990 655 1065 collocantur,
680 987 762 1052 haud
786 988 869 1052 aliter
885 1009 973 1074 quam
989 1009 1082 1073 quum
1099 985 1201 1050 Graeci
1219 984 1310 1072 δίκην
1325 982 1432 1050 εὐθύ-

235 1149 238 1156 ·
308 1137 377 1181 νειν
400 1114 517 1190 dicunt,
542 1126 630 1200 atque
647 1135 698 1177 eos
715 1105 946 1188 roccamaura
961 1087 1012 1176 vel
1023 1105 1256 1196 ὄρθοδικαίονς
1270 1111 1430 1197 appellant,

310 1243 478 1327 quicunque
495 1233 632 1302 εὐθεῖαν
648 1237 693 1302 vel
709 1232 817 1322 ὀρθὴν
833 1235 925 1321 δίκην
941 1248 1078 1301 exercent
1101 1231 1150 1317 (cf.
1167 1235 1217 1300 Ps.
1234 1234 1358 1312 XXXII,
1377 1233 1430 1300 11.

309 1356 734 1441 mutilatum).
1430 1377 1434 1380 ·
1511 1341 1516 1350 ’

400 1485 526 1551 Constat
555 1489 647 1573 igitur
670 1481 743 1590 ἾΨᾞ
772 1485 831 1550 sere
860 1485 936 1550 idem
959 1485 1056 1550 valere
1086 1497 1173 1570 atque
1201 1490 1306 1588 plui-t,
1335 1506 1431 1571 coque

310 1633 399 1676 sensu
424 1611 459 1676 de
475 1609 658 1698 quibuslibet
675 1609 846 1674 hominibus
863 1613 1057 1674 communiter
1070 1609 1234 1696 praedicari
1248 1631 1354 1695 posse,
1379 1613 1433 1695 qui

309 1750 389 1802 recta
413 1739 461 1800 via
483 1736 664 1823 precedunt,
694 1737 725 1799 h.
748 1758 773 1798 a.
798 1733 976 1822 probitatem
1000 1747 1029 1798 et
1047 1735 1194 1819 justitiam
1218 1734 1335 1810 coluut;
1363 1755 1432 1798 nam

311 1862 449 1938 »Deus«,
485 1874 519 1924 ut
553 1861 707 1924 confirmat
734 1860 911 1924 Ecclesiaste
940 1855 1024 1941 (Vll,
1053 1854 1131 1940 20),
1168 1858 1256 1922 »iecit
1282 1859 1432 1922 bominem

311 1983 415 2089 ἾΨᾎΛ(
461 1984 545 2050 Unde
567 1988 678 2072 passim
701 1987 826 2049 recurrit
848 1983 930 2049 istud
953 1982 1076 2048 verbum
1099 1982 1137 2046 ad
1159 1982 1273 2069 probos
1296 1983 1431 2046 homines

312 2110 511 2198 designandos
532 2110 578 2172 vel
599 2132 654 2195 per
677 2132 707 2173 sc
732 2106 779 2192 (ut
793 2109 884 2172 Prov.
901 2108 958 2186 XI,
976 2104 1009 2190 3)
1035 2107 1080 2172 vel
1103 2107 1218 2192 adjecto
1236 2113 1311 2212 iffi
1327 2103 1430 2189 (Prcv.

309 2234 430 2311 XXIX,
448 2230 504 2316 27)
528 2247 581 2299 aut
602 2208 657 2326 2¹2
673 2229 735 2315 (Ps.
752 2233 821 2310 Vll,
842 2228 905 2314 11).
941 2232 1120 2297 Neutraliter
1136 2246 1234 2298 autem
1249 2229 1325 2336 'tigitT
1337 2235 1431 2319 ipsam

312 2359 491 2448 probitatem
515 2359 637 2424 denotat
659 2354 721 2443 (Ps.
738 2357 897 2435 XXXVII,
915 2354 981 2440 37).

400 2484 443 2548 At
466 2488 543 2548 enim
565 2471 652 2562 vero,
669 2505 776 2570 ¹quum
798 2482 924 2548 Hebraei
948 2485 1106 2569 scriptores
1130 2481 1168 2546 ad
1191 2505 1275 2547 suam
1297 2485 1432 2568 ipsorum

311 2624 428 2700 gentem
450 2612 591 2697 pleraque
616 2612 714 2673 omnia
729 2607 886 2684 referrent,
911 2607 969 2672 hoc
985 2610 1076 2697 quasi
1085 2611 1210 2693 proprio
1226 2609 1344 2672 nomine
1360 2604 1433 2710 ἾΨ)

312 2737 411 2800 bonos
436 2756 571 2821 quosque
586 2734 732 2798 Israelitas
748 2731 951 2819 insigniendus
966 2730 1122 2818 putabant.
1157 2731 1260 2819 Neque
1275 2735 1430 2797 immerito.

311 2859 387 2924 Nam
410 2879 503 2945 quum
521 2858 602 2922 Deus
626 2857 804 2922 decrevisset
825 2858 905 2921 huuc
927 2857 1087 2943 populum,
1104 2869 1147 2922 ⁴ut
1167 2855 1225 2920 sibi
1244 2857 1430 2943 peculiarem,

313 3004 480 3072 segregare,
505 2986 540 3059 ii,
566 2986 618 3070 qui
634 2982 735 3046 divino
752 2985 871 3046 numine
887 2981 979 3046 afflati
994 2981 1060 3046 ideo
1078 2979 1259 3059 scribebant,
1282 2995 1318 3046 ut
1332 2995 1433 3070 posta·

312 3131 364 3173 ros
399 3107 436 3171 ad
465 3129 564 3172 veram
598 3106 779 3196 relligionem
813 3107 1021 3194 capessendam
1051 3110 1137 3194 quasi
1165 3129 1256 3172 uranu
1283 3107 1431 3184 ducerent,

313 3255 401 3298 raros
429 3233 496 3297 illos
526 3247 555 3298 et
583 3237 645 3297 sine
674 3233 742 3298 fuco
774 3256 807 3298 ac
829 3232 943 3298 fallacia
964 3233 1109 3298 israelitas
1130 3234 1199 3318 jure
1224 3232 1353 3320 quedam
1375 3255 1432 3298 suo

314 3354 429 3462 ΠἹἾΨᾏ
452 3381 623 3456 nuncupare
645 3371 819 3446 potuerunt.
863 3358 939 3422 Hinc
961 3362 1109 3444 promissa
1131 3362 1227 3447 gentis
1250 3357 1372 3423 felicitas
1396 3379 1434 3422 ex

314 3506 348 3549 eo
372 3454 495 3572 pendet,
525 3497 560 3547 ut
581 3482 689 3548 faciant
713 3483 763 3547 »id
786 3483 869 3570 quod
891 3493 1008 3546 rectum
1032 3477 1170 3586 (ἾΨἪ)
1195 3497 1240 3550 est
1263 3484 1434 3571 boocraqoc

315 3603 464 3714 (llblll)
490 3631 588 3672 coram
605 3609 690 3673 Deos
715 3603 1041 3690 (Deuteron.Vl,18).
1077 3609 1153 3673 Hinc
1176 3612 1202 3672 si
1225 3611 1291 3695 quis
1307 3608 1432 3696 Regum,

315 3738 392 3797 sicut
411 3733 489 3811 Asa,
515 3757 532 3797 a
554 3746 691 3798 nascente
714 3733 883 3798 idololatria
906 3732 1083 3810 abhorrens,
1109 3733 1272 3798 adrerum
1295 3733 1350 3798 Dei
1373 3733 1434 3798 cul-

314 3873 378 3924 tum
409 3880 545 3924 reversus
575 3871 633 3936 est,
671 3862 696 3922 is
725 3862 829 3945 utique
859 3857 960 3922 fecisse
989 3857 1083 3922 fertur
1117 3858 1220 3946 »quod
1247 3869 1363 3924 rectum
1390 3871 1435 3922 est

316 3980 453 4089 (ἾΨΞΠ)
478 4006 576 4048 coram
592 3983 737 4048 lebona«
763 3978 802 4064 (l.
819 3983 893 4070 Reg.
909 3982 978 4060 XV,
998 3979 1062 4064 11).
1096 3984 1173 4048 Hinc
1193 4006 1247 4050 rex
1262 3984 1309 4050 ille
1320 3985 1432 4070 justus,

315 4115 367 4198 qui
394 4123 537 4175 venturus
568 4120 644 4184 erat,
676 4111 717 4172 ita
746 4109 911 4172 inducitur:
941 4107 1104 4194 »judicabit
1131 4113 1162 4174 in
1185 4103 1304 4196 justitia
1331 4122 1434 4174 tenues

316 4239 500 4324 corrigatque
524 4237 555 4297 in
569 4227 743 4298 rectitudine
760 4226 945 4328 (ἾἻΨἾΨΞ)
961 4247 1152 4300 mansuetos«
1176 4229 1299 4316 (Iesaias
1315 4233 1371 4310 XI,
1389 4230 1433 4316 4).

315 4359 418 4447 Neque
442 4361 527 4424 aliam
548 4359 790 4447 significationem
806 4359 896 4425 habet
911 4331 969 4437 id,
981 4359 1065 4448 quod
1079 4363 1174 4425 serior
1187 4361 1336 4446 propheta
1350 4382 1435 4448 prae-

317 4484 393 4549 dixit
416 4488 638 4580 »iugrcssurum
662 4507 760 4572 regem
775 4486 857 4550 illum
872 4490 903 4551 in
919 4507 1003 4550 suam
1019 4485 1248 4551 declinationem
1258 4488 1435 4573 probosque
