3160 5170
702 253 777 328 199

175 469 263 530 minis
285 465 368 530 tribu
392 464 531 541 oriundo,
555 466 633 551 regis
657 463 785 550 dignitas
808 467 944 551 pervenit
966 465 1004 530 ad
1021 465 1179 543 Davidem,
1202 465 1298 532 dudae

175 590 305 676 prolem,
337 593 390 676 qui
416 590 490 653 fines
513 588 696 652 ludaeorum
724 592 899 654 immensum
923 603 1066 676 quantum
1090 590 1238 668 extendit,
1269 605 1299 656 et

175 716 346 801 imperium,
377 711 461 778 Sauli
487 717 564 801 regis
588 717 750 778 temeritate
774 712 971 792 debilitatum,
1001 716 1121 780 mirifice
1144 715 1296 792 stabilivit,

178 821 398 926 stabilitumque
420 838 543 903 tradidit
559 837 715 904 Salomoni
738 839 832 903 fitia«
864 838 940 904 Cum
956 841 1011 904 hac
1027 843 1170 905 sententia
1187 844 1298 927 optimc

178 966 305 1027 concinit
326 963 526 1028 membrorum
550 967 719 1028 consecutio
744 977 773 1028 et
795 965 1018 1051 parallelismus.
1054 963 1179 1030 Catulus
1203 967 1296 1030 leonis

177 1085 296 1151 exhibet
319 1087 406 1152 nobis
430 1088 644 1154 adolescentem
666 1089 745 1153 illam
761 1093 923 1175 potentiam
940 1089 1072 1166 Doridis,
1099 1093 1151 1176 qui
1166 1093 1196 1154 in
1211 1113 1297 1156 mou·

176 1223 245 1274 tana
268 1212 361 1278 lustra
384 1214 583 1279 conscendens
606 1226 653 1278 tot
675 1215 771 1300 spolia
788 1236 880 1278 ovans
904 1236 1003 1278 secum
1017 1214 1199 1300 reportabat.
1236 1213 1297 1282 Sed

176 1357 291 1402 summa
312 1359 410 1402 rerum
432 1341 547 1426 potitus
563 1338 692 1404 Davides
716 1361 782 1404 cum
803 1339 905 1406 adulto
921 1340 1005 1404 leone
1021 1351 1219 1426 comparatur,
1244 1344 1298 1430 qui

174 1465 206 1525 in
240 1483 336 1548 genua
364 1463 563 1550 procumbens
597 1465 711 1528 nullum
742 1465 875 1529 hostium
907 1468 1050 1552 impetum
1079 1477 1206 1529 veretur.
1253 1465 1296 1531 At

173 1587 363 1652 leaenarum
387 1590 490 1654 catulis
513 1588 804 1676 circumjacentibus,
834 1611 1031 1678 quemnemo
1054 1593 1182 1654 excitare
1206 1592 1293 1666 ausit,
1395 1641 1397 1643 -

174 1724 242 1799 apte
265 1712 398 1800 depingit
413 1713 584 1781 Solomonis
607 1715 849 1802 tranquillitatem
872 1719 1003 1802 paternis
1019 1718 1151 1780 victoriis
1168 1728 1293 1802 partam.

175 1836 266 1920 Quod
292 1842 317 1902 si
346 1839 532 1904 concedimus
554 1840 699 1926 triplicem
721 1840 798 1906 hanc
819 1841 913 1906 leonis
937 1845 1186 1928 comparationem
1208 1844 1294 1906 unice

173 1975 306 2050 spectare
340 1963 378 2028 ad
406 1965 550 2030 Davidem
580 1964 845 2053 solomonemque,
882 1965 1031 2032 constabit
1065 1967 1185 2032 eandem
1213 1987 1295 2034 mera

172 2091 336 2154 imitatione
358 2089 530 2154 translatam
553 2112 616 2154 esse
638 2095 670 2155 in
686 2091 809 2156 Bileami
832 2094 992 2168 canticum,
1017 2090 1069 2156 ubi
1092 2093 1215 2158 similem
1238 2115 1294 2159 uo-

171 2217 290 2278 tiouum
313 2218 481 2278 societatem
498 2214 677 2280 desiderabis
702 2212 802 2297 (Num.
819 2215 930 2292 XXIII,
948 2215 1001 2281 24.
1024 2216 1136 2293 XXIV,
1154 2215 1197 2300 9).
1233 2215 1294 2284 Sed

174 2338 209 2404 dc
238 2352 333 2404 aetate
355 2339 433 2404 illius
457 2341 562 2404 cantici
584 2339 660 2404 inlra
683 2339 859 2405 videbimus.
905 2340 999 2405 Poeta
1022 2354 1119 2406 autem
1142 2343 1293 2428 aptissime

172 2467 280 2530 transit
307 2487 325 2527 a
351 2463 537 2530 recumbente
568 2464 667 2528 leaena
696 2465 734 2530 ad
763 2465 955 2551 tranquillum
983 2465 1096 2550 pacifici
1120 2465 1292 2532 Solomonis

170 2611 296 2677 regnum
319 2603 349 2654 et
371 2612 490 2656 auream
513 2590 591 2654 illam
615 2603 737 2655 aetatem
761 2611 821 2678 qua
843 2589 922 2655 luda
945 2589 1101 2655 frueretur.
1140 2589 1294 2677 Significat

173 2737 243 2802 ergo
267 2714 361 2780 Judae
390 2719 544 2802 imperium
572 2738 798 2803 permansurum
829 2737 908 2791 esse,
939 2715 1033 2780 donec
1063 2719 1145 2802 quies
1175 2728 1292 2780 etcum

173 2843 270 2927 quiete
293 2844 425 2927 gentium
449 2841 625 2928 obsequium
641 2840 736 2908 Judae
761 2840 936 2929 obtingeret.
972 2842 1083 2906 Vocem
1107 2833 1217 2946 ΡΡΠΠ
1242 2838 1293 2906 de·

171 2978 275 3030 notare
304 2970 465 3053 scipionem
492 2967 656 3052 longiorem
681 2988 755 3053 quae
778 2970 809 3033 in
832 2969 1006 3032 insterstitio
1030 2966 1140 3053 pedum
1163 2966 1291 3032 sedentis

169 3094 249 3178 regis
271 3105 359 3178 atque
383 3091 421 3160 ad
443 3092 598 3159 humerum
615 3095 679 3178 ejus
693 3095 850 3179 reponitur
865 3088 914 3174 (cl.
930 3091 1072 3178 Aeschyl.
1088 3091 1194 3180 Agam.
1214 3089 1291 3156 195:

171 3214 252 3282 aione
286 3215 395 3298 χθόνα
428 3216 578 3304 βάκτροις
612 3215 864 3303 ἐπικρούσαντας
893 3213 1060 3299 Ἀτρείδας
1093 3217 1218 3301 δάκρυα
1246 3210 1291 3302 μὴ

171 3337 355 3424 κατασχεῖν)
378 3345 451 3408 satis
481 3342 611 3406 ostendit
639 3344 734 3428 ipsius
762 3343 821 3406 loci
846 3341 1055 3428 phraseologia
1078 3354 1108 3406 et
1129 3342 1291 3427 parallelis·
1350 3379 1353 3388 ·

170 3489 252 3544 mus,
278 3467 463 3533 confirmavit
485 3480 582 3532 autem
607 3465 749 3531 Gesenius
774 3461 818 3548 (in
842 3462 1011 3547 Thesauro)
1036 3463 1152 3529 duabus
1177 3468 1292 3531 citatio-

170 3592 259 3658 nibus
294 3614 419 3679 quarum
453 3595 649 3678 posteriorem
684 3591 732 3654 hic
765 3590 849 3654 locus
884 3601 983 3674 aperte
1019 3593 1151 3655 imitatur
1182 3585 1289 3673 (Num.

169 3717 258 3794 XXI,
278 3714 327 3784 18.
357 3716 494 3794 PsLX,
512 3712 556 3798 9).
603 3714 665 3782 Sed
693 3715 729 3779 de
759 3715 904 3780 clausula:
938 3688 1044 3808 1¹5le
1072 3719 1212 3819 82le
1241 3719 1291 3806 *ll-t

169 3854 217 3906 tot
244 3854 275 3908 et
307 3855 367 3912 tam
399 3845 494 3908 variae
528 3841 739 3928 explicationes
774 3840 979 3928 promulgatae
1008 3853 1093 3919 sunt,
1130 3854 1179 3918 ut,
1214 3862 1291 3928 quae

170 3969 323 4035 verissima
347 3979 391 4034 eet
414 3965 596 4032 Schumanni
619 3967 805 4044 observatio,
836 3970 861 4030 si
883 3966 1038 4030 historiam
1062 3989 1161 4032 earum
1184 3989 1291 4056 exege-

168 4095 353 4161 tico·critice
377 4092 502 4158 scribere
525 4093 613 4170 velis,
645 4092 806 4158 verendum
830 4094 882 4170 sit,
913 4113 950 4156 ne
973 4092 1112 4156 volumen
1141 4094 1207 4178 ipso
1233 4089 1290 4156 Ge-

168 4240 274 4284 neseos
297 4218 374 4285 libro
397 4219 491 4286 multo
516 4219 641 4306 amplius
657 4218 737 4284 edas.
774 4216 905 4284 Cunctae
921 4229 1018 4282 tamen
1033 4218 1289 4303 interpretationes

168 4344 277 4430 triplici
300 4346 385 4432 quasi
409 4349 469 4412 acio
492 4349 599 4416 instrui
613 4356 751 4432 possunt.
786 4342 904 4430 Agmeu
919 4341 1001 4410 ducit
1016 4363 1119 4412 eorum
1133 4345 1287 4422 sententia,
