3172 5186
523 1050 828 1150 EXCURSUS
866 1052 912 1148 ll.

159 1493 323 1562 CATENA
341 1493 604 1580 QUORUNDAM,
619 1493 684 1582 Qui
705 1494 744 1561 ΙΝ
759 1494 874 1562 torst
895 1493 1058 1560 HOMINIS
1080 1493 1270 1560 HISTORIA

268 1617 467 1687 MORALEM
497 1617 846 1688 SIGNlFlCATIONEM
869 1619 1157 1687 AGNOVERUNT.
1310 1617 1311 1622 ’

647 1743 695 1834 ir·
713 1743 779 1828 56.)

156 1883 238 1994 Etsi
261 1945 411 2012 nunquam
433 1923 590 1990 defuerunt
611 1929 641 2004 ii,
664 1928 724 2012 qui,
748 1945 903 2012 perversae
926 1923 1090 1991 credulitati
1113 1926 1199 1988 nimis
1219 1928 1271 1991 tri·

155 2051 294 2128 buentes,
319 2053 417 2114 omnia
440 2053 471 2115 in
499 2051 573 2138 lapsi
596 2051 702 2145 Ademi
731 2052 855 2116 historia
882 2052 923 2114 ite
945 2049 1084 2114 eccidisse
1107 2063 1269 2128 autument,

156 2189 190 2240 ut
212 2179 321 2262 scripta
343 2189 414 2240 sunt
428 2179 465 2244 ,io
486 2175 563 2244 libro
586 2176 742 2255 Geneseos‚
767 2179 818 2264 qui
840 2175 1002 2241 naturalem
1026 2187 1200 2262 serpentem,
1225 2175 1270 2240 vel

155 2299 314 2366 Diabolum
338 2299 394 2366 sub
417 2303 479 2366 veri
502 2305 645 2388 serpentis
669 2305 774 2390 specie,
797 2301 889 2366 Evam
916 2303 946 2366 in
969 2303 1161 2366 tentationem
1183 2298 1269 2364 indu·

155 2429 235 2493 xisse
257 2439 385 2502 reantur,
403 2439 432 2490 et
455 2429 610 2514 impietatis
627 2426 822 2492 damnandum
839 2436 984 2502 censeant,
1001 2427 1170 2511 quicunque
1187 2425 1270 2490 aliter

154 2553 408 2640 pronuntiaverit,
430 2551 606 2638 prodierunt
628 2565 724 2616 tamen
748 2572 960 2640 usquequaque
984 2548 1065 2617 haud
1091 2552 1193 2636 pauci,
1217 2553 1268 2636 qui

154 2677 351 2742 narrationem
368 2697 443 2764 quae
467 2690 589 2742 vocatur
604 2677 765 2742 Mosaicam
787 2679 913 2764 imagine
936 2696 1106 2762 expressam
1130 2695 1202 2749 esse,
1217 2696 1268 2739 ne·

155 2821 212 2888 que
229 2801 317 2865 ullam
338 2775 382 2865 ibi
398 2804 455 2864 uisi
470 2802 652 2889 allegoricam
670 2804 819 2866 veritatem
841 2804 935 2864 inesse
952 2799 1098 2894 declarare
1114 2801 1178 2864 ausi
1200 2801 1267 2895 sint.

121 2943 124 2950 '
156 2925 213 3008 Qui
231 2947 321 3012 quum
345 2949 406 2990 non
430 2949 530 2990 omnes
548 2927 666 2991 eandem
691 2930 863 2992 sententiam
886 2926 1012 3012 amplexi
1037 2927 1103 3000 sint,
1121 2923 1268 3010 plerisque

153 3063 250 3116 tarmn
272 3051 436 3138 perplacuit
459 3073 492 3114 cc
512 3053 597 3127 ratio,
614 3073 701 3138 quam
725 3057 753 3116 iu
777 3065 863 3118 textu
886 3073 977 3138 supra
999 3052 1173 3138 explicatam
1187 3031 1266 3126 dedi,

154 3176 263 3242 scilicet
279 3179 400 3243 vetitum
425 3176 752 3263 cognitionis‘fructum
774 3178 848 3245 nihil
871 3177 951 3242 aliud
974 3198 1037 3240 esse
1060 3179 1117 3241 nisi
1139 3177 1266 3241 illicitam

155 3315 242 3389 atque
265 3300 483 3366 immoderatam
506 3301 660 3366 sceleratae
683 3302 791 3388 pulpae
811 3304 1087 3388 concupiscentiam,
1116 3299 1191 3366 Nam
1216 3324 1268 3365 vo-

154 3429 294 3515 luptatem
311 3426 458 3490 sexualem
475 3425 531 3491 sub
544 3428 668 3512 imagine
683 3424 831 3490 fructuum
844 3426 889 3490 vcl
905 3425 1012 3490 florum
1026 3425 1152 3491 describi
1167 3447 1266 3512 posse,

121 3635 126 3640 ἢ
153 3555 311 3638 unicuique
334 3553 364 3614 in
387 3563 511 3616 ruentem
534 3564 641 3638 sponte
664 3573 717 3615 sua
734 3553 869 3628 occurrit,
887 3554 937 3638 qui
961 3554 991 3614 in
1014 3553 1143 3638 antiquis
1164 3553 1267 3614 carmi·

153 3676 240 3744 nibus
273 3675 460 3748 mediocriter
492 3675 579 3742 suerit
610 3689 754 3768 versatus.
805 3675 848 3740 lta
871 3673 1030 3758 Pindarus:
1059 3669 1165 3756 Κόραν
1194 3671 1266 3756 ἔχει,

152 3804 248 3892 inquit
269 3798 371 3884 (Nem.
385 3801 452 3879 Vll,
472 3800 549 3883 53),
571 3805 625 3866 καὶ
647 3799 720 3886 μέλι
742 3804 795 3865 καὶ,
816 3794 855 3864 eci
877 3801 990 3880 τέρπν’
1011 3795 1266 3894 ἄνθεαρἎφρο-

153 3928 248 3994 dimcc.
305 3925 446 3992 Similiter
481 3927 661 4020 Aeschylus,
698 3929 748 4018 qui
784 3924 968 4010 δηξίθυμον
1004 3922 1119 4010 ἔρωτος
1160 3923 1266 4002 ἄνθος

153 4051 274 4144 (Apum.
288 4045 364 4132 720)
387 4055 579 4138 nuncupavit,
601 4053 673 4136 ⁴alias
696 4051 815 4118 eandem
838 4051 1060 4118 translationem
1083 4049 1178 4118 fusius
1200 4072 1267 4148 per·

86 4257 88 4260 Υ
152 4181 287 4266 sequitur
310 4173 434 4266 (Suppl.
453 4175 547 4260 979J:

355 4299 564 4389 Καρπώματα
588 4299 742 4378 στάζοντα
765 4294 913 4387 κηρύσσει
932 4297 1061 4384 Κύπρις,

356 4427 474 4514 Κᾶωρα
496 4427 610 4496 κωλύει
630 4424 712 4494 eoid’
729 4423 770 4504 ὡς
791 4429 900 4512 μένειν
914 4425 1021 4510 Ἔρως.
