3172 5186
688 342 763 418 313
1181 437 1203 486 ⁹

162 549 254 626 nibus
275 551 453 638 propulsare
474 551 522 616 vel
544 551 641 618 saltim
662 549 789 639 pedibus
812 551 940 641 effugere
964 555 1103 641 injuriam
1125 558 1283 642 potuisset,

162 675 270 744 fraude
291 676 437 744 malorum
461 674 644 742 occubmsse.

620 849 830 864 mun—

477 1039 519 1108 ΙΝ
541 1038 753 1110 CANTlCUM
776 1040 969 1110 TERTIUM.

254 1301 299 1367 De
322 1304 381 1406 lace
403 1293 544 1379 carmine,
568 1299 692 1366 Davidis
714 1304 839 1389 pietate,
862 1302 971 1380 indole,
996 1302 1131 1370 ubertate
1153 1303 1284 1371 refertis·

163 1431 255 1506 simo,
281 1431 366 1517 cujus
390 1427 452 1494 duo
475 1439 594 1493 exstant
616 1426 808 1514 exemplaria,
837 1449 931 1494 unum
953 1431 984 1493 in
1007 1428 1177 1496 collectione
1199 1429 1284 1496 Psalq

161 1576 281 1620 morum
305 1548 449 1636 (XV111),
478 1553 601 1618 alterum
630 1552 815 1618 insecundo
839 1551 984 1620 Samuelis
1006 1553 1083 1619 libro
1108 1552 1151 1638 (c.
1166 1552 1281 1640 XXII),

163 1679 277 1768 duplex
305 1681 402 1744 oritur
430 1680 580 1766 quaestio:
615 1698 745 1765 quonam
773 1676 805 1742 id
830 1691 964 1764 tempore
993 1683 1193 1768 conscriptum
1223 1681 1282 1749 sit?

162 1816 264 1870 utrum
288 1803 438 1890 exemplar
460 1801 498 1867 ad
520 1803 740 1892 autographum
761 1806 887 1891 propius
912 1803 1052 1870 accedat?

254 1928 312 2014 Qui
326 1927 420 1994 libros
436 1927 590 2006 Samuelis,
615 1929 715 2016 quales
735 1951 813 1996 nunc
827 1927 980 2008 habemus,
1004 1929 1105 2008 edidit,
1129 1935 1164 2009 is,
1189 1953 1282 2020 quum

136 2057 221 2136 ,boe
244 2077 360 2120 carmen
383 2053 439 2119 sub
461 2054 549 2118 finem
563 2052 722 2120 Daridieae
746 2055 887 2120 historiae
911 2058 1077 2133 inseruerit,
1102 2059 1282 2122 existimavit

161 2179 361 2272 proculdubio
390 2179 467 2244 hanc
495 2179 610 2245 divinae
638 2179 860 2246 benevolentiae
883 2184 1191 2246 commemorationem
1218 2205 1281 2250 nou

161 2309 298 2396 potuisse
325 2327 387 2370 non
415 2326 433 2368 a
454 2303 568 2371 Daride
598 2327 667 2370 sene
690 2304 851 2382 conscribi,
883 2327 975 2393 quum
998 2304 1058 2370 fere
1081 2310 1180 2372 omnia
1202 2311 1279 2372 vitae

160 2431 291 2520 pericula
313 2430 445 2495 Jebovac
468 2431 581 2495 auxilio
604 2430 755 2518 effugerat.
793 2430 868 2494 Rem
891 2442 988 2495 autem
1012 2429 1095 2494 aliter
1118 2453 1148 2496 se
1171 2430 1280 2498 babere

160 2540 224 2621 ndn
251 2577 312 2620 uno
342 2567 515 2642 argumento
540 2555 703 2622 ostendam.
743 2553 874 2620 Primum
898 2558 974 2620 enim
1003 2557 1159 2642 utriusque
1182 2577 1280 2622 exem-

159 2681 252 2768 piaris
275 2680 379 2746 titulus
403 2681 548 2769 signifieat
562 2679 705 2745 Davidem
728 2680 787 2744 boc
802 2703 917 2746 carmen
933 2683 1080 2757 cecinisse,
1105 2702 1197 2768 quum
1213 2703 1280 2746 eum

160 2804 277 2871 debora
304 2818 364 2870 tam
392 2828 410 2869 a
438 2809 540 2871 ceteris
569 2807 633 2892 ejus
663 2804 817 2889 hostibus,
846 2827 934 2894 quam
963 2810 994 2870 in
1020 2808 1122 2893 primis
1146 2827 1164 2870 a
1186 2805 1278 2871 Saulo

160 2929 323 2994 liberasset.
350 2930 435 2996 Mors
458 2933 550 3018 igitur
565 2930 664 3008 Sauli,
689 2943 718 2996 et
740 2931 833 2996 civilis
857 2931 1013 3008 dissensio,
1038 2953 1113 3020 quae
1128 2931 1197 2997 inde
1213 2945 1280 2997 orta

161 3067 215 3131 est,
239 3077 302 3120 non
324 3067 384 3120 tam
405 3055 497 3144 longo
521 3068 588 3120 ante
610 3069 744 3143 tempore
766 3057 966 3145 praeterlapsa
989 3069 1066 3136 erat,
1092 3080 1184 3147 quum
1207 3059 1280 3124 haec

161 3180 304 3244 cantilena
331 3180 435 3245 litteris
459 3179 657 3247 mandaretur.
698 3181 811 3248 Deinde
835 3205 921 3262 vero,
950 3182 1079 3250 Davides
1102 3207 1164 3249 non
1187 3205 1278 3250 ausus

162 3318 238 3370 esset
263 3304 396 3393 profiteri
420 3302 482 3388 (vv.
499 3303 644 3389 21-25)
669 3328 700 3370 se
723 3306 779 3371 Dei
800 3308 922 3372 tutelam
944 3321 1069 3395 propter
1091 3312 1168 3374 vitae
1191 3314 1278 3375 inno·

161 3433 284 3496 cendam
305 3434 442 3497 meritum
464 3453 538 3509 esse,
561 3436 588 3495 si
605 3432 669 3516 jam
692 3442 778 3496 antea
798 3429 898 3497 Uriam
914 3431 1082 3497 Chittaeum
1106 3432 1177 3499 dolo
1199 3435 1277 3500 malo

160 3555 392 3621 interficiendum
416 3569 562 3634 curasset,
587 3555 742 3622 dumtaxat
764 3559 834 3644 quia
855 3578 910 3620 rex
931 3559 995 3645 ipse
1018 3578 1085 3621 cum
1106 3557 1278 3624 Bathsheha

159 3703 255 3746 uxore
271 3683 335 3768 ejus
351 3679 527 3746 adulterium
542 3685 745 3748 commisisset.
774 3680 919 3770 Denique,
943 3681 1042 3760 verba,
1067 3681 1176 3770 quibus
1192 3706 1278 3771 prae-

160 3828 228 3871 sens
249 3807 304 3872 Dei
327 3793 471 3872 auxilium
494 3820 749 3884 commemoratur,
773 3829 822 3871 vv.
840 3805 958 3885 7-16,
983 3808 1021 3873 ad
1044 3811 1184 3874 amussim
1207 3830 1278 3874 con·

160 3934 283 3996 veniunt
304 3954 370 3996 cum
392 3955 493 4020 pugna
515 3933 565 3997 illa
588 3955 647 4021 qua
668 3955 763 4022 prope
785 3932 972 4021 Baalprazim
993 3933 1168 4000 Philistacos
1191 3933 1277 4023 fuga-

160 4069 251 4134 verat,
276 4079 374 4145 quam,
398 4071 547 4146 utsupra
569 4057 708 4137 vidimus,
731 4058 843 4124 Jesaias
865 4062 907 4124 ita
930 4082 997 4125 cunr
1019 4059 1128 4124 Josuae
1151 4061 1278 4124 victoria

159 4194 318 4269 comparat,
343 4196 378 4248 ut
399 4180 561 4272 utrobique
583 4186 686 4251 hostes
708 4184 851 4274 grandine
875 4198 904 4249 et
921 4183 1093 4250 fulminibus
1107 4197 1276 4272 prostratos

158 4305 249 4371 luisse
273 4307 451 4373 credendum
474 4312 521 4374 sit.
554 4308 637 4392 Quae
660 4332 752 4398 quum
775 4313 817 4375 ita
839 4313 907 4388 siut,
932 4309 1067 4398 equidem
1089 4333 1150 4375 non
1170 4309 1275 4378 dubito

157 4431 217 4498 hoc
239 4453 355 4502 carmen
379 4433 418 4498 ad
439 4433 471 4499 id
492 4447 608 4522 tempus
631 4435 749 4522 referre,
774 4436 857 4524 quod
880 4435 1009 4504 secundo
1026 4434 1170 4503 Samuelis
1185 4435 1272 4515 libro,
