3160 5170
756 388 969 503 „gac—

799 655 926 699 CHORU&

306 793 516 854 [namura]
540 777 623 845 Cano
646 777 791 843 Jehovam
813 798 882 841 narn
904 776 1002 844 bonus
1026 789 1072 842 est
1092 776 1151 854 Ille,

463 919 474 940 ·
539 903 579 968 Et
600 902 766 991 benignitas
790 902 853 988 ejus
877 913 922 965 est
945 914 1070 967 aeterna.

704 1102 897 1146 PRAEFECTUS
921 1101 1022 1144 CHORL

305 1244 354 1288 uo..
368 1243 397 1286 x.
434 1239 516 1301 [cs-11]
540 1225 695 1290 Venerunt
716 1245 800 1310 reges
825 1220 1061 1300 Canaanitarum

542 1349 679 1436 Quinque
701 1370 785 1435 reges
809 1359 954 1412 venerunt
975 1348 1118 1413 adversus
1143 1345 1314 1413 Gibeoncm.

542 1475 619 1539 Turn
643 1476 774 1538 surrexit
795 1472 889 1537 Josua
912 1485 941 1536 et
964 1470 1076 1560 Gilgale
1098 1471 1249 1561 profectus
1273 1486 1328 1552 est,

540 1600 635 1665 losua
657 1610 687 1663 ct
709 1620 776 1661 cum
797 1598 847 1661 illo
870 1596 1025 1662 fortissimi
1046 1598 1257 1677 Israelitarurm

540 1725 649 1790 Hostes
673 1725 897 1810 exinproviso
922 1722 1065 1800 adoritur,
1090 1722 1187 1811 sugat,
1211 1727 1392 1812 prosternit3

541 1851 674 1938 Fugiunt
695 1870 778 1936 reges
802 1848 844 1912 illi
867 1870 933 1913 cum
956 1848 1134 1914 exercitibus
1158 1853 1230 1927 suis,
1254 1847 1385 1938 fugiunt,

540 1975 570 2040 A
585 1972 717 2040 Gibeone
733 1995 851 2038 versum
865 1973 1114 2053 Bethchoronem‚
1130 1975 1271 2054 Azekam,
1295 1988 1326 2042 et
1338 1974 1428 2040 Mak-

942 2098 1059 2163 lredam.

540 2225 656 2291 Jehova
678 2236 776 2290 autern
800 2237 902 2289 contra
925 2246 976 2289 eos
999 2224 1167 2313 pugnabat3

540 2350 570 2415 A
593 2351 674 2415 coelo
698 2349 871 2438 grandinem
893 2349 1061 2437 lapidosum
1084 2350 1197 2436 dejecit,

540 2476 579 2542 Et
601 2479 723 2563 sagittas
747 2498 816 2540 suas
839 2475 996 2564 flagrantes
1020 2479 1050 2540 in
1074 2498 1125 2540 eos
1144 2478 1293 2563 jaculatus
1318 2489 1373 2542 est.

384 2581 518 2695 ‘’{vffils‘ff
543 2600 665 2667 Gladius
690 2600 807 2688 quidem
829 2602 1026 2666 Israelitarum
1049 2602 1138 2666 millia
1162 2601 1277 2680 occidit,

542 2726 602 2791 Sed
625 2731 748 2815 sagittae
771 2727 901 2792 Jehovae
923 2726 1072 2815 myriadas
1097 2722 1290 2809 occiderunt]

420 2867 517 2924 {tara}
543 2852 622 2917 Tum
645 2853 790 2917 allocutus
814 2866 859 2917 est
880 2852 975 2917 losua
996 2853 1140 2918 dehoram

539 2977 579 3041 Et
602 3000 700 3042 coram
722 2977 860 3043 lsraelitis
883 2990 1020 3064 precatus
1043 2989 1104 3043 est:

541 3101 630 3181 »sot
657 3102 788 3168 Gibeone
812 3103 961 3190 quiescas!

540 3229 638 3306 Luna,
664 3242 697 3293 tu
720 3233 751 3293 in
773 3229 848 3292 valle
870 3227 1037 3316 Ajalonis.«

539 3355 579 3420 Et
600 3353 773 3419 morabatur
796 3353 850 3418 Sol
873 3366 902 3419 ct
924 3352 1058 3418 substitit
1080 3351 1173 3429 Luna,

540 3481 642 3546 Donec
657 3481 788 3569 populus
805 3480 946 3545 ultionem
959 3477 996 3542 ab
1009 3477 1148 3543 hostibus
1160 3483 1222 3544 suis
1237 3483 1424 3567 sumpsisset.

306 3621 441 3669 uxoaxv.
467 3622 516 3679 [11]
542 3601 628 3689 [Quis
652 3610 729 3671 sicut
750 3619 784 3670 tu
807 3609 883 3670 inter
906 3605 995 3681 Deos,
1018 3603 1154 3669 leboval

541 3730 615 3813 Quis
638 3734 716 3795 sicut
737 3743 771 3794 tu
794 3730 966 3818 magnificus
990 3733 1021 3794 in
1044 3729 1220 3796 sanctitate?

466 3871 516 3928 [aot
539 3855 599 3920 Pro
622 3853 803 3944 benignitate
826 3855 909 3920 ducis
932 3856 1078 3943 populum
1101 3876 1188 3942 quern
1210 3853 1350 3932 liberasti,

539 3980 599 4045 Pro
617 3985 751 4070 potentia
771 3994 824 4046 tua
840 3981 922 4046 ducis
939 4002 1006 4044 curn
1021 3985 1052 4045 in
1067 3994 1174 4047 terram
1190 3981 1424 4070 tranquillitatis.

801 4182 927 4225 GHORU&

306 4316 516 4379 [asumma]
541 4303 623 4371 Cano
647 4304 806 4381 dehoram,
830 4326 898 4368 nam
921 4302 1020 4368 bonus
1045 4317 1090 4370 est
1110 4303 1169 4382 Ille,

538 4429 577 4496 Et
597 4429 763 4520 benignitas
787 4431 851 4516 ejus
875 4443 921 4493 est
942 4424 1082 4511 aeterna]

759 4585 970 4596 m
