3166 5178
625 381 839 494 ..J-1..-

172 610 196 651 s.
207 589 381 673 proborum
404 583 498 676 (vulg.
514 586 785 674 didascalorum),
811 604 856 656 est
878 593 1050 680 anthologia
1073 605 1204 659 veterum
1228 618 1291 662 car·

170 715 282 776 minum
305 712 539 778 Hebraeorum«
586 714 647 780 Sed
674 737 711 780 ne
735 719 760 780 is
785 716 903 804 quidem
927 720 997 782 satis
1021 717 1135 804 liquido
1160 719 1288 799 videbat,

172 859 260 924 quarn
281 839 331 901 isti
349 838 539 923 explicationi
555 843 729 907 sententiam
745 840 911 926 subjiceret.
945 841 1041 907 Addit
1055 846 1148 908 enimc
1172 867 1210 908 »a
1225 845 1290 912 lau·

171 960 259 1026 dibus
281 960 446 1049 proborum
469 963 639 1042 hominum,
663 965 709 1030 vel
733 987 909 1053 quacunque
933 967 988 1030 alia
1013 966 1049 1032 de
1072 989 1161 1032 causa
1179 964 1290 1050 (solent

170 1090 246 1151 enim
276 1084 438 1153 Orientales
473 1088 618 1154 librorum
645 1089 749 1155 titulos
778 1112 865 1178 saepe
895 1113 912 1154 a
939 1090 1028 1155 rebus
1058 1090 1193 1156 verbisve
1222 1115 1289 1158 cum
1354 1137 1358 1146 ·

32 1205 37 1222 ¹
169 1224 342 1298 argruncnto
371 1215 469 1278 minus
499 1217 640 1278 connexis
670 1211 820 1301 repetere)
851 1219 892 1279 ita
921 1214 1028 1280 dicta«
1074 1215 1114 1280 Et
1135 1219 1167 1280 in
1189 1217 1287 1282 lexico

168 1337 309 1402 manuali
330 1337 368 1402 ad
383 1338 485 1426 llgcnii
509 1341 679 1425 opinionem
702 1340 841 1404 inclinare
857 1339 989 1404 videtur:
1014 1338 1155 1417 »modo«,
1180 1344 1285 1428 inquit,

169 1461 309 1549 »probari
336 1466 435 1550 possit
460 1460 535 1567 Ἶζλῖ
561 1466 648 1528 ctiam
677 1463 713 1528 de
741 1464 845 1529 bellica
869 1468 977 1530 virtute
1006 1477 1184 1552 usurpatum
1212 1487 1284 1544 esse,

167 1609 229 1652 non
257 1587 331 1652 male
362 1588 441 1652 illius
469 1588 538 1653 libri
565 1592 787 1675 inscriptionem
815 1591 1016 1654 transtuleris:
1051 1590 1129 1654 liber
1156 1591 1285 1672 virtutis,
1356 1557 1361 1568 Ι

167 1712 232 1777 coll.
255 1711 390 1777 Arabum
417 1711 601 1780 nobilissima
628 1713 814 1802 Anthologia
842 1709 930 1784 trab?
957 1713 1035 1778 dicta
1062 1716 1081 1777 i.
1105 1737 1131 1778 c.
1159 1715 1285 1778 cirtam«

165 1837 310 1924 Equidem
333 1841 426 1902 miror
447 1839 554 1903 Virum
577 1838 795 1916 doctissimum,
823 1861 915 1925 quum
937 1851 997 1902 tam
1020 1836 1147 1902 dilucide
1169 1841 1286 1924 perspi·

166 1975 245 2026 cerat
271 1966 353 2028 vocis
381 1961 531 2028 Hebraeae
560 1975 681 2050 etymon
709 1976 738 2028 et
765 1963 1022 2051 significationem,
1054 1965 1085 2026 in
1114 1962 1217 2028 iisdem
1246 1961 1285 2026 ad

164 2086 230 2151 libri
253 2091 475 2175 inscriptionem
497 2086 708 2152 transferendis
730 2089 875 2154 haesitare
898 2091 1042 2174 potuisse.
1076 2086 1183 2152 Nullus
1207 2091 1284 2152 enim

165 2233 231 2276 sum
254 2211 363 2276 dubius
386 2215 459 2299 quin
474 2211 652 2277 vocabulum
670 2205 745 2318 wip}
768 2217 962 2278 communiter
979 2188 1147 2300 designaret
1161 2225 1283 2276 cunctos

165 2336 314 2413 homines,
340 2341 390 2424 qui
414 2337 567 2415 moralem,
593 2359 668 2425 quae
684 2351 817 2416 vocatur,
842 2351 871 2403 et
885 2339 1063 2426 relligiosam
1078 2335 1283 2402 rectitudinem

167 2483 200 2527 ac
227 2465 365 2548 pictatem
394 2464 510 2541 colunt3
539 2467 661 2550 proprie
691 2476 789 2529 autem
817 2463 855 2526 ad
880 2463 1026 2527 Israelitas
1055 2462 1180 2526 relatum
1208 2483 1280 2538 csse,

166 2589 218 2673 qui
240 2586 295 2650 hac
318 2587 512 2674 appellatione
535 2587 602 2652 ideo
625 2587 810 2674 gaudebant,
836 2590 906 2674 quia
928 2585 967 2649 ad
986 2588 1103 2672 pietatis
1119 2597 1148 2648 ct
1163 2587 1282 2648 virtutis

164 2693 255 2798 opera
277 2710 425 2789 facienda,
449 2734 524 2799 quae
547 2735 618 2777 vero
642 2727 732 2800 atque
754 2715 842 2778 unico
866 2712 930 2776 Deo
952 2710 1083 2775 Jcbovae
1105 2721 1190 2797 grata
1212 2720 1283 2774 sunt
1360 2731 1361 2736 ¹

163 2849 348 2924 attempta,
373 2859 436 2902 sese
460 2841 690 2904 circumcisionis
712 2841 773 2902 ritu
797 2836 987 2901 devoverant.
1023 2835 1120 2900 Voces
1143 2840 1235 2938 ΡῚἾΞΙ
1253 2846 1282 2899 et

163 2961 237 3066 Ἶζλ]
271 2960 331 3026 lere
362 2985 477 3050 semper
507 2961 542 3027 ἐκ
570 2959 784 3049 παραλλήλου
813 2974 1011 3048 usurpantur,
1047 2963 1089 3025 ita
1122 2971 1220 3024 tamen
1247 2973 1282 3023 ut

162 3087 337 3175 significatio
361 3088 454 3174 hujus
475 3092 506 3153 in
528 3088 606 3152 illius
630 3084 789 3175 aliquando
812 3099 952 3153 transeat.
990 3084 1023 3149 Si
1044 3084 1081 3150 ad
1096 3087 1199 3149 insitas
1215 3105 1281 3149 ver-

161 3211 270 3276 borum
293 3215 431 3277 notiones
453 3217 659 3300 respiciamus,
683 3217 757 3317 Ρῄξ
781 3211 911 3298 ejusdem
934 3213 1091 3299 prosapiae
1108 3221 1167 3285 est,
1191 3221 1280 3296 atquc

161 3335 467 3402 lodo-Germanicum
490 3337 564 3402 illud
578 3339 657 3402 sad·
672 3339 719 3402 vel
733 3338 816 3414 sed-‚
842 3336 1022 3422 denotatque
1037 3335 1126 3398 fixam
1142 3345 1172 3398 ct
1185 3346 1280 3398 ratam

161 3465 204 3528 rei
227 3461 351 3549 alicujus
375 3461 591 3541 conditionem
614 3462 693 3526 unde
717 3462 755 3525 ad
778 3475 855 3526 certa
873 3462 951 3546 juris
975 3458 1165 3524 fundamenta
1180 3459 1280 3542 expri-

161 3587 268 3652 menda
297 3587 549 3652 accommodatum
573 3601 632 3665 est,
662 3601 691 3652 ct
714 3587 795 3673 apud
816 3585 911 3650 LXX.
935 3584 995 3649 fere
1018 3604 1132 3670 semper
1156 3580 1280 3658 δίκαιος
1334 3587 1337 3604 “

161 3725 221 3777 stat
248 3735 303 3799 pro
327 3711 464 3778 Hebraeo
491 3719 595 3819 ΡῚἾῌ,
625 3725 660 3776 ut
688 3712 884 3800 significemus
914 3710 1039 3796 aliquem
1068 3711 1120 3796 qui
1148 3706 1279 3774 officium

160 3860 249 3902 suum
276 3849 415 3923 praestet.
466 3839 566 3904 Radix
592 3851 690 3902 autem
719 3838 838 3902 alterius
867 3834 1005 3900 vocabuli
1034 3829 1108 3938 Ἶῑξλξ
1136 3846 1181 3898 est
1206 3827 1276 3933 Ἶζλ,

162 3985 250 4053 quam
273 3964 509 4050 complectuntur
531 3967 618 4028 etiam
633 3963 725 4028 verba
741 3959 860 4067 Ἦλθε,
885 3956 1004 4063 wlff,
1030 3957 1139 4063 ἾΨἚ,
1165 3969 1194 4020 et
1216 3953 1278 4019 for-

158 4102 238 4154 tasse
261 4086 349 4166 widi,
375 4110 450 4176 quae
472 4092 624 4153 notionem
647 4089 768 4152 firmiter
783 4086 938 4153 insistendi
954 4088 1113 4150 continent.
1146 4079 1277 4164 Quibus-

160 4236 226 4278 cum
250 4215 398 4278 elementis
413 4211 694 4278 Indo-Germanicis
718 4237 752 4279 ea
773 4213 861 4280 radix
877 4221 1037 4298 congruat,
1062 4208 1184 4294 longum
1199 4217 1277 4269 essct

160 4301 342 4404 enumerade:
368 4337 478 4404 Graeca
502 4339 646 4427 quaedam
668 4339 769 4405 videas
792 4342 823 4402 in
844 4336 932 4403 Novo
951 4332 1073 4422 Cratylo
1097 4326 1206 4414 5216.
1242 4329 1277 4395 Si

159 4467 251 4553 igitur
273 4464 311 4529 ad
333 4464 473 4530 radicitus
492 4468 595 4532 insitas
611 4469 749 4532 notiones
765 4462 951 4541 attendimus,
976 4469 1050 4569 ΡἾξ
1066 4472 1095 4526 et
1110 4451 1275 4558 Ἰλλζίἀοω
