3160 5170
606 303 820 416 Q

147 514 186 582 lte
209 516 303 579 miror
325 534 511 600 quenquam,
543 517 594 600 qui
624 536 642 576 a
670 516 769 577 critica
791 513 929 580 facultate
953 517 1024 580 satis
1047 516 1156 594 valeat,
1181 516 1270 583 ullam

148 639 235 703 aliam
258 642 402 704 rationem
426 644 499 704 lnire
521 662 621 726 posse.
656 637 806 704 Habemus
829 642 920 726 igitur
936 653 1031 704 vatem
1047 639 1269 726 Solomoneum,

148 767 196 828 sui
224 767 367 850 temporis
397 764 590 830 laudatorem.
637 763 802 840 Habemus,
833 768 885 850 qui
910 786 1012 851 pacem
1035 778 1123 852 atque
1147 767 1271 852 opulen-

146 892 219 956 tiam
242 888 355 975 ubique
378 889 504 967 videret,
535 892 587 975 qui
609 889 681 952 haec
705 892 802 954 omnia
826 902 965 977 tanquam
989 892 1196 976 amplissimam
1220 914 1272 956 ve·
1313 899 1328 920 ⁸

147 1027 247 1080 tustae
281 1017 498 1080 vaticinationis
535 1016 816 1080 consummationem
851 1027 1038 1102 agnosceret,
1075 1037 1166 1103 quum
1199 1030 1272 1102 post

146 1140 273 1206 Davidis
297 1143 436 1205 victorias
460 1155 489 1206 et
511 1140 665 1228 splendida
680 1142 763 1228 regni
779 1138 953 1206 Solomonei
969 1143 1062 1217 initia,
1087 1153 1169 1205 tanta
1194 1155 1272 1206 esset

147 1268 255 1329 vitium
285 1269 370 1352 copia
397 1279 432 1330 ut
460 1266 605 1353 agricolae
633 1288 778 1353 generoso
808 1266 937 1353 palmiti,
972 1279 1112 1352 tanquam
1146 1266 1269 1354 ignobili

145 1390 237 1467 rubo,
262 1391 367 1456 asellos
392 1391 552 1478 alligarent,
578 1402 661 1455 tanta
676 1394 737 1455 vini
753 1389 943 1469 abundantia,
968 1404 1003 1456 ut
1018 1395 1087 1456 vino
1111 1414 1167 1479 pro
1192 1413 1270 1478 aqua

146 1518 193 1579 uti
210 1529 344 1604 possent,
360 1529 447 1603 atque
464 1529 498 1581 ut
514 1539 614 1581 omnes
631 1520 715 1604 quasi
731 1529 877 1604 perpetuo
895 1520 1032 1582 convivio
1049 1518 1156 1582 hilares
1173 1531 1271 1583 essent

148 1655 177 1704 et
203 1639 378 1724 rubicundi,
408 1655 491 1706 tanta
514 1655 612 1708 antem
634 1665 757 1729 gregum
780 1642 955 1718 multitudo,
986 1655 1021 1706 ut
1042 1643 1115 1708 lacte
1138 1656 1270 1708 manaret

147 1779 227 1830 terra
243 1789 281 1832 ex
296 1772 444 1855 promisso
461 1768 592 1833 lehovae
612 1764 717 1854 (supra
733 1767 821 1832 Deut.
838 1767 887 1844 Vl,
907 1763 950 1850 3),
973 1781 1008 1832 ut
1031 1791 1132 1833 omnes
1156 1769 1268 1834 incolae

147 1896 236 1959 niveo
260 1892 311 1957 illo
336 1906 365 1958 et
385 1897 491 1982 pingui
512 1907 589 1981 potu
612 1897 690 1958 sitim
714 1891 947 1981 qualemcunque
969 1897 1195 1982 restinguerent.

408 2106 472 2192 §2
500 2107 540 2174 Io
561 2107 648 2173 Lece
664 2109 752 2200 filios
776 2109 853 2174 dacos
874 2110 1016 2174 minores.

240 2269 322 2335 Ordo
345 2271 475 2335 filiorum
497 2268 616 2347 Jacobi,
648 2291 708 2356 quo
738 2273 769 2333 in
798 2272 856 2334 hoc
886 2272 998 2336 cantico
1021 2273 1146 2336 invicem
1169 2293 1269 2335 sucee-

149 2396 234 2473 dunt,
258 2419 320 2460 non
342 2380 582 2483 plane‘concinie
605 2417 670 2460 cum
694 2395 839 2482 catalogo,
864 2417 950 2481 quem
974 2416 1066 2482 supra
1089 2395 1267 2460 eGeneseos

150 2526 243 2610 capite
258 2522 379 2586 XXXV
401 2525 544 2608 excerpsi.
579 2521 635 2586 Hie
658 2524 734 2584 enirn
756 2519 891 2584 Zabulon
913 2521 1036 2584 lssacari
1057 2524 1268 2606 praeponitur;

149 2661 177 2712 et
200 2661 344 2735 quattuor
367 2648 537 2711 ancillarum
559 2647 627 2722 filii,
652 2649 704 2733 qui
726 2657 797 2733 post
819 2645 894 2711 Leae
916 2645 994 2709 filios
1017 2648 1203 2723 inseruntur,
1227 2649 1269 2710 ita

28 2797 41 2820 ⁸
149 2777 389 2851 commiscentur,
417 2787 452 2838 ut
473 2773 603 2838 filiorum
625 2772 726 2859 Zilpae
748 2772 863 2838 Leanae
885 2770 937 2834 filii
960 2769 1062 2834 Bilhae
1085 2771 1268 2836 Rachelanae

148 2913 309 2986 utriunque
331 2900 408 2964 latus
433 2899 578 2963 claudant.
614 2897 727 2963 Deinde
749 2901 780 2963 in
803 2898 860 2962 fine
884 2895 1109 2984 subsequuntur
1123 2898 1268 2963 Raehelae

148 3029 243 3114 ipsius
272 3026 333 3090 filii.
385 3025 473 3090 Hunc
503 3024 650 3102 ordinem,
687 3047 775 3111 quem
802 3024 885 3090 hand
914 3023 974 3088 scio
1004 3047 1041 3088 an
1070 3025 1281 3113 geographica>

149 3152 277 3239 quadam
292 3155 407 3216 ratione
423 3163 576 3238 permotus
591 3149 745 3215 induxerit
759 3163 849 3238 poeta
863 3163 974 3227 noster,
999 3173 1061 3215 non
1084 3155 1140 3215 erit
1162 3173 1268 3238 operae

147 3281 277 3365 pretium
300 3277 430 3343 turbare.
474 3276 560 3346 Satis,
576 3275 665 3342 suerit
688 3267 832 3363 quattuor
855 3279 941 3362 quasi
964 3279 1108 3340 sectiones
1131 3277 1177 3341 vel
1199 3299 1269 3363 par·

148 3404 254 3472 ticulas
279 3403 450 3468 discernere.

239 3529 400 3595 Zebulonis
429 3527 573 3606 tribusa
600 3529 666 3592 lacu
693 3524 860 3590 Tiberiadis
890 3524 929 3589 ad
958 3527 1056 3588 sinum
1077 3523 1268 3589 Ptolemaidis

147 3658 307 3744 pertinuit,
339 3668 368 3720 et
389 3659 505 3721 tametsi
529 3655 702 3718 commercio
728 3651 827 3716 dedita
848 3663 878 3715 et
898 3650 1023 3715 fortasse
1046 3651 1150 3715 litteris
1171 3651 1269 3715 Phoe-

148 3785 233 3848 niciis
265 3781 379 3846 imbuta
407 3795 505 3845 tamen
533 3803 589 3867 pro
620 3783 678 3844 aris
706 3791 736 3842 et
763 3777 836 3842 focis
867 3790 969 3842 contra
998 3775 1127 3844 Sisenem
1154 3780 1269 3842 naviter

147 3911 296 3997 pugnavit
319 3902 400 3991 (Jud.
416 3907 455 3983 V,
475 3903 539 3988 18).
586 3901 626 3970 Ut
647 3904 726 3968 luda
748 3905 841 3981 leoni,
871 3907 912 3968 ita
939 3904 1051 3968 lssaear
1081 3906 1164 3968 asino
1190 3923 1270 3966 eom·

146 4045 282 4122 paratur.
316 4031 419 4119 Neque
442 4031 473 4096 id
496 4034 537 4095 ita
561 4043 763 4118 comparatum
786 4043 830 4094 est
848 4043 882 4094 ut
895 4051 951 4116 pro
968 4029 1097 4094 ludibrio
1114 4027 1268 4093 habeatur.

146 4160 223 4226 Nam
252 4161 399 4223 Homerus
434 4179 554 4244 quoqne
583 4159 800 4244 magnanimum
829 4155 965 4242 Ajacem,
1002 4176 1093 4241 quum
1123 4177 1140 4216 a
1167 4175 1270 4240 pugna

146 4286 305 4363 recederet,
329 4284 416 4350 tardo
441 4287 524 4348 asino
550 4281 722 4348 assimilavit
745 4278 788 4365 (ll.
804 4280 856 4357 Xl,
874 4275 962 4362 557).
1007 4278 1084 4343 Illud
1106 4279 1269 4366 significare

146 4413 246 4478 voluit
273 4424 356 4478 vates
385 4424 503 4489 noster,
534 4410 707 4487 lssacarem,
743 4409 828 4494 cujus
857 4427 966 4472 nomen
992 4404 1154 4472 mercedem
1183 4399 1269 4509 Ὦτῐξῑ
