<?xml version="1.0" encoding="UTF-8"?>
<!DOCTYPE html PUBLIC "-//W3C//DTD XHTML 1.0 Transitional//EN"
    "http://www.w3.org/TR/xhtml1/DTD/xhtml1-transitional.dtd">
<html xmlns="http://www.w3.org/1999/xhtml" xml:lang="en" lang="en">
 <head>
  <title>
</title>
<meta http-equiv="Content-Type" content="text/html;charset=utf-8" />
  <meta name='ocr-system' content='tesseract 3.04.00' />
  <meta name='ocr-capabilities' content='ocr_page ocr_carea ocr_par ocr_line ocrx_word'/>
</head>
<body>
  <div class='ocr_page' id='page_1' title='image "./jasharfragmenta00donagoog_0416.png"; bbox 0 0 3172 5186; ppageno 0'>
   <div class='ocr_carea' id='block_1_1' title="bbox 607 306 820 422">
    <p class='ocr_par' dir='ltr' id='par_1_1' title="bbox 607 306 820 422">
     <span class='ocr_line' id='line_1_1' title="bbox 607 306 820 422; baseline 0 -40"><span class='ocrx_word' id='word_1_1' title='bbox 607 306 820 422; x_wconf 54' lang='lat' dir='ltr'>Q-</span> 
     </span>
    </p>
   </div>
   <div class='ocr_carea' id='block_1_2' title="bbox 100 513 1271 1106">
    <p class='ocr_par' dir='ltr' id='par_1_2' title="bbox 100 513 1271 1106">
     <span class='ocr_line' id='line_1_2' title="bbox 161 513 1270 607; baseline -0.003 -21"><span class='ocrx_word' id='word_1_2' title='bbox 161 517 338 587; x_wconf 88' lang='lat' dir='ltr'>Graecorum</span> <span class='ocrx_word' id='word_1_3' title='bbox 362 529 549 597; x_wconf 89' lang='lat' dir='ltr'>armaturam,</span> <span class='ocrx_word' id='word_1_4' title='bbox 569 519 663 607; x_wconf 88' lang='lat' dir='ltr'>qualis</span> <span class='ocrx_word' id='word_1_5' title='bbox 686 532 790 607; x_wconf 89' lang='lat' dir='ltr'>postca</span> <span class='ocrx_word' id='word_1_6' title='bbox 812 517 878 597; x_wconf 89' lang='lat' dir='ltr'>init,</span> <span class='ocrx_word' id='word_1_7' title='bbox 900 520 986 607; x_wconf 89' lang='lat' dir='ltr'>primi</span> <span class='ocrx_word' id='word_1_8' title='bbox 1010 520 1184 584; x_wconf 87' lang='lat' dir='ltr'>invenerunt</span> <span class='ocrx_word' id='word_1_9' title='bbox 1198 513 1270 598; x_wconf 87' lang='lat' dir='ltr'>(lic-</span> 
     </span>
     <span class='ocr_line' id='line_1_3' title="bbox 160 642 1268 732; baseline 0.002 -21"><span class='ocrx_word' id='word_1_10' title='bbox 160 642 342 722; x_wconf 84' lang='lat' dir='ltr'>rod.l,17i.</span> <span class='ocrx_word' id='word_1_11' title='bbox 365 643 401 710; x_wconf 84' lang='lat' dir='ltr'>ef.</span> <span class='ocrx_word' id='word_1_12' title='bbox 415 643 581 732; x_wconf 84' lang='lat' dir='ltr'>Thucydi,</span> <span class='ocrx_word' id='word_1_13' title='bbox 593 643 638 724; x_wconf 89' lang='grc'>8).</span> <span class='ocrx_word' id='word_1_14' title='bbox 663 642 743 728; x_wconf 81' lang='lat' dir='ltr'>Quid</span> <span class='ocrx_word' id='word_1_15' title='bbox 765 646 856 732; x_wconf 87' lang='lat' dir='ltr'>igitur</span> <span class='ocrx_word' id='word_1_16' title='bbox 878 646 970 732; x_wconf 87' lang='lat' dir='ltr'>magis</span> <span class='ocrx_word' id='word_1_17' title='bbox 994 642 1159 721; x_wconf 85' lang='lat' dir='ltr'>verisimile,</span> <span class='ocrx_word' id='word_1_18' title='bbox 1182 663 1268 732; x_wconf 77' lang='lat' dir='ltr'>quatu</span> 
     </span>
     <span class='ocr_line' id='line_1_4' title="bbox 100 767 1271 858; baseline -0.001 -21"><span class='ocrx_word' id='word_1_19' title='bbox 100 818 103 824; x_wconf 84' lang='lat'>·</span> <span class='ocrx_word' id='word_1_20' title='bbox 161 769 244 858; x_wconf 83' lang='lat' dir='ltr'>quod</span> <span class='ocrx_word' id='word_1_21' title='bbox 261 767 351 837; x_wconf 86' lang='lat' dir='ltr'>Cares</span> <span class='ocrx_word' id='word_1_22' title='bbox 373 771 422 836; x_wconf 86' lang='lat' dir='ltr'>isti</span> <span class='ocrx_word' id='word_1_23' title='bbox 445 773 638 838; x_wconf 88' lang='lat' dir='ltr'>mercenarios</span> <span class='ocrx_word' id='word_1_24' title='bbox 661 769 766 836; x_wconf 77' lang='lat' dir='ltr'>milites</span> <span class='ocrx_word' id='word_1_25' title='bbox 788 767 906 857; x_wconf 88' lang='lat' dir='ltr'>regibus</span> <span class='ocrx_word' id='word_1_26' title='bbox 922 768 1117 834; x_wconf 87' lang='lat' dir='ltr'>israelitarum</span> <span class='ocrx_word' id='word_1_27' title='bbox 1141 789 1271 836; x_wconf 83' lang='lat' dir='ltr'>commo·</span> 
     </span>
     <span class='ocr_line' id='line_1_5' title="bbox 161 892 1268 984; baseline -0.003 -23"><span class='ocrx_word' id='word_1_28' title='bbox 161 894 303 970; x_wconf 85' lang='lat' dir='ltr'>daverint,</span> <span class='ocrx_word' id='word_1_29' title='bbox 328 908 358 960; x_wconf 92' lang='lat' dir='ltr'>et</span> <span class='ocrx_word' id='word_1_30' title='bbox 379 898 499 961; x_wconf 90' lang='lat' dir='ltr'>nomina</span> <span class='ocrx_word' id='word_1_31' title='bbox 521 899 654 982; x_wconf 89' lang='lat' dir='ltr'>ipsorum</span> <span class='ocrx_word' id='word_1_32' title='bbox 679 894 855 984; x_wconf 86' lang='lat' dir='ltr'>appellativa</span> <span class='ocrx_word' id='word_1_33' title='bbox 876 897 906 958; x_wconf 91' lang='lat' dir='ltr'>iu</span> <span class='ocrx_word' id='word_1_34' title='bbox 932 892 1115 982; x_wconf 74' lang='lat' dir='ltr'>peregrinam</span> <span class='ocrx_word' id='word_1_35' title='bbox 1137 893 1268 961; x_wconf 82' lang='lat' dir='ltr'>tellurem</span> 
     </span>
     <span class='ocr_line' id='line_1_6' title="bbox 160 1013 1269 1106; baseline 0 -22"><span class='ocrx_word' id='word_1_36' title='bbox 160 1019 333 1094; x_wconf 74' lang='lat' dir='ltr'><strong>intulerint?</strong></span> <span class='ocrx_word' id='word_1_37' title='bbox 357 1018 436 1104; x_wconf 82' lang='lat' dir='ltr'>Quid</span> <span class='ocrx_word' id='word_1_38' title='bbox 459 1020 515 1087; x_wconf 86' lang='lat' dir='ltr'>sibi</span> <span class='ocrx_word' id='word_1_39' title='bbox 541 1021 630 1086; x_wconf 84' lang='lat' dir='ltr'>velint</span> <span class='ocrx_word' id='word_1_40' title='bbox 652 1019 768 1086; x_wconf 90' lang='lat' dir='ltr'>ethnica</span> <span class='ocrx_word' id='word_1_41' title='bbox 791 1019 954 1106; x_wconf 78' lang='lat' dir='ltr'>designatio</span> <span class='ocrx_word' id='word_1_42' title='bbox 970 1013 1040 1102; x_wconf 75' lang='grc' dir='ltr'>Κὰρ</span> <span class='ocrx_word' id='word_1_43' title='bbox 1056 1031 1085 1084; x_wconf 94' lang='lat' dir='ltr'>et</span> <span class='ocrx_word' id='word_1_44' title='bbox 1107 1018 1269 1087; x_wconf 86' lang='lat' dir='ltr'>derivatum</span> 
     </span>
    </p>
   </div>
   <div class='ocr_carea' id='block_1_3' title="bbox 160 1143 1401 1237">
    <p class='ocr_par' dir='ltr' id='par_1_3' title="bbox 160 1143 1401 1237">
     <span class='ocr_line' id='line_1_7' title="bbox 160 1143 1401 1237; baseline -0.001 -28"><span class='ocrx_word' id='word_1_45' title='bbox 160 1143 337 1212; x_wconf 81' lang='lat' dir='ltr'>vocabulum</span> <span class='ocrx_word' id='word_1_46' title='bbox 352 1144 443 1231; x_wconf 74' lang='grc' dir='ltr'><strong><em>Κρής,</em></strong></span> <span class='ocrx_word' id='word_1_47' title='bbox 462 1149 546 1211; x_wconf 88' lang='lat' dir='ltr'>mitto</span> <span class='ocrx_word' id='word_1_48' title='bbox 564 1166 714 1234; x_wconf 77' lang='lat' dir='ltr'>quaerere.</span> <span class='ocrx_word' id='word_1_49' title='bbox 743 1143 823 1210; x_wconf 89' lang='lat' dir='ltr'>Nihil</span> <span class='ocrx_word' id='word_1_50' title='bbox 846 1156 943 1209; x_wconf 89' lang='lat' dir='ltr'>autem</span> <span class='ocrx_word' id='word_1_51' title='bbox 965 1156 1087 1210; x_wconf 84' lang='lat' dir='ltr'>naturas</span> <span class='ocrx_word' id='word_1_52' title='bbox 1111 1145 1202 1230; x_wconf 85' lang='lat' dir='ltr'>magis</span> <span class='ocrx_word' id='word_1_53' title='bbox 1225 1155 1272 1208; x_wconf 88' lang='lat' dir='ltr'>est</span> <span class='ocrx_word' id='word_1_54' title='bbox 1397 1231 1401 1237; x_wconf 91' lang='lat'>.</span> 
     </span>
    </p>
   </div>
   <div class='ocr_carea' id='block_1_4' title="bbox 159 1269 1274 2232">
    <p class='ocr_par' dir='ltr' id='par_1_4' title="bbox 159 1269 1274 2232">
     <span class='ocr_line' id='line_1_8' title="bbox 160 1269 1271 1358; baseline 0 -24"><span class='ocrx_word' id='word_1_55' title='bbox 160 1283 387 1337; x_wconf 86' lang='lat' dir='ltr'>consentaneum</span> <span class='ocrx_word' id='word_1_56' title='bbox 411 1291 499 1358; x_wconf 81' lang='lat' dir='ltr'>quun</span> <span class='ocrx_word' id='word_1_57' title='bbox 522 1270 664 1336; x_wconf 77' lang='lat' dir='ltr'>israelitas</span> <span class='ocrx_word' id='word_1_58' title='bbox 692 1273 722 1336; x_wconf 90' lang='lat' dir='ltr'>in</span> <span class='ocrx_word' id='word_1_59' title='bbox 751 1291 805 1334; x_wconf 90' lang='lat' dir='ltr'>sua</span> <span class='ocrx_word' id='word_1_60' title='bbox 828 1271 961 1358; x_wconf 85' lang='lat' dir='ltr'>ipsorum</span> <span class='ocrx_word' id='word_1_61' title='bbox 989 1269 1090 1356; x_wconf 87' lang='lat' dir='ltr'>lingua</span> <span class='ocrx_word' id='word_1_62' title='bbox 1112 1269 1271 1356; x_wconf 86' lang='lat' dir='ltr'>quaesiisse</span> 
     </span>
     <span class='ocr_line' id='line_1_9' title="bbox 159 1392 1272 1484; baseline -0.001 -25"><span class='ocrx_word' id='word_1_63' title='bbox 159 1397 307 1482; x_wconf 87' lang='lat' dir='ltr'>peregrini</span> <span class='ocrx_word' id='word_1_64' title='bbox 336 1398 463 1461; x_wconf 88' lang='lat' dir='ltr'>nominis</span> <span class='ocrx_word' id='word_1_65' title='bbox 486 1396 737 1484; x_wconf 75' lang='lat' dir='ltr'>explanationem,</span> <span class='ocrx_word' id='word_1_66' title='bbox 762 1415 836 1482; x_wconf 86' lang='lat' dir='ltr'>quae</span> <span class='ocrx_word' id='word_1_67' title='bbox 860 1397 1115 1482; x_wconf 87' lang='lat' dir='ltr'>praetorianorum</span> <span class='ocrx_word' id='word_1_68' title='bbox 1144 1392 1272 1458; x_wconf 86' lang='lat' dir='ltr'>indolem</span> 
     </span>
     <span class='ocr_line' id='line_1_10' title="bbox 160 1517 1272 1610; baseline -0.002 -26"><span class='ocrx_word' id='word_1_69' title='bbox 160 1533 228 1608; x_wconf 87' lang='lat' dir='ltr'>apte</span> <span class='ocrx_word' id='word_1_70' title='bbox 251 1519 442 1600; x_wconf 78' lang='lat' dir='ltr'>describeret3</span> <span class='ocrx_word' id='word_1_71' title='bbox 471 1534 501 1586; x_wconf 92' lang='lat' dir='ltr'>et</span> <span class='ocrx_word' id='word_1_72' title='bbox 528 1543 619 1610; x_wconf 82' lang='lat' dir='ltr'>quum</span> <span class='ocrx_word' id='word_1_73' title='bbox 648 1523 851 1608; x_wconf 87' lang='lat' dir='ltr'>antiquissima</span> <span class='ocrx_word' id='word_1_74' title='bbox 878 1517 986 1584; x_wconf 85' lang='lat' dir='ltr'>radicis</span> <span class='ocrx_word' id='word_1_75' title='bbox 1015 1539 1095 1603; x_wconf 75' lang='grc' dir='ltr'><strong><em>καρ-</em></strong></span> <span class='ocrx_word' id='word_1_76' title='bbox 1116 1518 1163 1583; x_wconf 82' lang='lat' dir='ltr'>vei</span> <span class='ocrx_word' id='word_1_77' title='bbox 1189 1540 1272 1602; x_wconf 75' lang='lat' dir='ltr'>rup-</span> 
     </span>
     <span class='ocr_line' id='line_1_11' title="bbox 161 1641 1272 1733; baseline 0 -25"><span class='ocrx_word' id='word_1_78' title='bbox 161 1642 255 1712; x_wconf 86' lang='lat' dir='ltr'>iorma</span> <span class='ocrx_word' id='word_1_79' title='bbox 278 1642 411 1712; x_wconf 86' lang='lat' dir='ltr'>labialem</span> <span class='ocrx_word' id='word_1_80' title='bbox 433 1645 489 1712; x_wconf 88' lang='lat' dir='ltr'>sibi</span> <span class='ocrx_word' id='word_1_81' title='bbox 512 1646 637 1712; x_wconf 84' lang='lat' dir='ltr'>litteram</span> <span class='ocrx_word' id='word_1_82' title='bbox 660 1644 833 1733; x_wconf 85' lang='lat' dir='ltr'>adjungeret</span> <span class='ocrx_word' id='word_1_83' title='bbox 853 1641 990 1725; x_wconf 64' lang='lat' dir='ltr'>(siluro,</span> <span class='ocrx_word' id='word_1_84' title='bbox 1003 1665 1091 1730; x_wconf 76' lang='grc' dir='ltr'><strong><em>φανα,</em></strong></span> <span class='ocrx_word' id='word_1_85' title='bbox 1105 1642 1194 1727; x_wconf 78' lang='lat' dir='ltr'>karo,</span> <span class='ocrx_word' id='word_1_86' title='bbox 1209 1665 1272 1725; x_wconf 78' lang='grc' dir='ltr'>χα-</span> 
     </span>
     <span class='ocr_line' id='line_1_12' title="bbox 161 1765 1273 1856; baseline 0.001 -23"><span class='ocrx_word' id='word_1_87' title='bbox 161 1765 269 1852; x_wconf 83' lang='grc' dir='ltr'><strong><em>ρόσσω</em></strong></span> <span class='ocrx_word' id='word_1_88' title='bbox 293 1792 357 1834; x_wconf 85' lang='lat' dir='ltr'>curn</span> <span class='ocrx_word' id='word_1_89' title='bbox 375 1769 478 1851; x_wconf 72' lang='lat' dir='ltr'>baua,</span> <span class='ocrx_word' id='word_1_90' title='bbox 498 1767 623 1856; x_wconf 78' lang='grc' dir='ltr'><strong><em>γράφω,</em></strong></span> <span class='ocrx_word' id='word_1_91' title='bbox 643 1770 752 1852; x_wconf 70' lang='lat' dir='ltr'>scribo,</span> <span class='ocrx_word' id='word_1_92' title='bbox 769 1767 896 1834; x_wconf 89' lang='lat' dir='ltr'>Varron.</span> <span class='ocrx_word' id='word_1_93' title='bbox 910 1767 1010 1855; x_wconf 82' lang='lat' dir='ltr'>p.221</span> <span class='ocrx_word' id='word_1_94' title='bbox 1029 1767 1127 1845; x_wconf 83' lang='lat' dir='ltr'>cdlii,</span> <span class='ocrx_word' id='word_1_95' title='bbox 1149 1781 1179 1834; x_wconf 91' lang='lat' dir='ltr'>et</span> <span class='ocrx_word' id='word_1_96' title='bbox 1193 1771 1273 1836; x_wconf 85' lang='lat' dir='ltr'>sirni-</span> 
     </span>
     <span class='ocr_line' id='line_1_13' title="bbox 161 1891 1274 1981; baseline 0.004 -23"><span class='ocrx_word' id='word_1_97' title='bbox 161 1894 228 1960; x_wconf 88' lang='lat' dir='ltr'>liter</span> <span class='ocrx_word' id='word_1_98' title='bbox 247 1893 359 1960; x_wconf 89' lang='lat' dir='ltr'>radices</span> <span class='ocrx_word' id='word_1_99' title='bbox 382 1916 425 1976; x_wconf 86' lang='grc' dir='ltr'>χα</span> <span class='ocrx_word' id='word_1_100' title='bbox 440 1907 470 1960; x_wconf 90' lang='lat' dir='ltr'>st</span> <span class='ocrx_word' id='word_1_101' title='bbox 483 1893 565 1978; x_wconf 74' lang='lat' dir='ltr'>an,</span> <span class='ocrx_word' id='word_1_102' title='bbox 588 1892 663 1960; x_wconf 83' lang='lat' dir='ltr'>Nsw</span> <span class='ocrx_word' id='word_1_103' title='bbox 680 1891 820 1981; x_wconf 85' lang='lat' dir='ltr'>Cratylus</span> <span class='ocrx_word' id='word_1_104' title='bbox 843 1891 861 1978; x_wconf 65' lang='grc' dir='ltr'><strong>ξ</strong></span> <span class='ocrx_word' id='word_1_105' title='bbox 878 1891 965 1976; x_wconf 83' lang='lat'><strong>323).</strong></span> <span class='ocrx_word' id='word_1_106' title='bbox 989 1892 1159 1960; x_wconf 80' lang='lat' dir='ltr'>crediderim</span> <span class='ocrx_word' id='word_1_107' title='bbox 1176 1894 1274 1963; x_wconf 79' lang='lat' dir='ltr'>Caras</span> 
     </span>
     <span class='ocr_line' id='line_1_14' title="bbox 162 2011 1273 2108; baseline -0.001 -23"><span class='ocrx_word' id='word_1_108' title='bbox 162 2039 292 2108; x_wconf 87' lang='lat' dir='ltr'>quoque,</span> <span class='ocrx_word' id='word_1_109' title='bbox 316 2011 568 2096; x_wconf 75' lang='lat' dir='ltr'>sicutKnoriodr,</span> <span class='ocrx_word' id='word_1_110' title='bbox 590 2022 727 2107; x_wconf 86' lang='lat' dir='ltr'>primitus</span> <span class='ocrx_word' id='word_1_111' title='bbox 749 2041 855 2086; x_wconf 90' lang='lat' dir='ltr'>nomen</span> <span class='ocrx_word' id='word_1_112' title='bbox 879 2018 1000 2108; x_wconf 84' lang='lat' dir='ltr'>aliquod</span> <span class='ocrx_word' id='word_1_113' title='bbox 1023 2017 1172 2093; x_wconf 88' lang='lat' dir='ltr'>babuisse,</span> <span class='ocrx_word' id='word_1_114' title='bbox 1190 2019 1273 2108; x_wconf 79' lang='lat' dir='ltr'>qnod</span> 
     </span>
     <span class='ocr_line' id='line_1_15' title="bbox 161 2137 1274 2232; baseline 0.001 -24"><span class='ocrx_word' id='word_1_115' title='bbox 161 2143 293 2209; x_wconf 89' lang='lat' dir='ltr'>latiorem</span> <span class='ocrx_word' id='word_1_116' title='bbox 317 2143 458 2232; x_wconf 73' lang='lat' dir='ltr'>syllabam</span> <span class='ocrx_word' id='word_1_117' title='bbox 475 2144 591 2229; x_wconf 75' lang='lat' dir='ltr'>Kan-</span> <span class='ocrx_word' id='word_1_118' title='bbox 614 2144 659 2210; x_wconf 87' lang='lat' dir='ltr'>vel</span> <span class='ocrx_word' id='word_1_119' title='bbox 678 2149 786 2231; x_wconf 83' lang='grc' dir='ltr'><strong><em>Καορ-</em></strong></span> <span class='ocrx_word' id='word_1_120' title='bbox 807 2143 969 2221; x_wconf 81' lang='lat' dir='ltr'>adhiberet,</span> <span class='ocrx_word' id='word_1_121' title='bbox 995 2144 1073 2210; x_wconf 86' lang='lat' dir='ltr'>unde</span> <span class='ocrx_word' id='word_1_122' title='bbox 1094 2137 1223 2228; x_wconf 80' lang='grc' dir='ltr'><strong><em>Κόπρος</em></strong></span> <span class='ocrx_word' id='word_1_123' title='bbox 1245 2156 1274 2210; x_wconf 87' lang='lat' dir='ltr'>st</span> 
     </span>
    </p>
   </div>
   <div class='ocr_carea' id='block_1_5' title="bbox 161 2260 1275 2624">
    <p class='ocr_par' dir='ltr' id='par_1_5' title="bbox 161 2260 1275 2624">
     <span class='ocr_line' id='line_1_16' title="bbox 161 2260 1275 2357; baseline -0.008 -17"><span class='ocrx_word' id='word_1_124' title='bbox 161 2273 279 2344; x_wconf 73' lang='lat' dir='ltr'>tutu:</span> <span class='ocrx_word' id='word_1_125' title='bbox 294 2267 499 2347; x_wconf 83' lang='lat' dir='ltr'>formarentur,</span> <span class='ocrx_word' id='word_1_126' title='bbox 523 2269 611 2346; x_wconf 85' lang='lat' dir='ltr'>unde,</span> <span class='ocrx_word' id='word_1_127' title='bbox 634 2290 726 2357; x_wconf 89' lang='lat' dir='ltr'>quum</span> <span class='ocrx_word' id='word_1_128' title='bbox 749 2261 767 2333; x_wconf 86' lang='grc' dir='ltr'><strong><em>ό</em></strong></span> <span class='ocrx_word' id='word_1_129' title='bbox 783 2263 853 2352; x_wconf 73' lang='grc' dir='ltr'>Κὰρ</span> <span class='ocrx_word' id='word_1_130' title='bbox 869 2270 914 2334; x_wconf 87' lang='lat' dir='ltr'>vel</span> <span class='ocrx_word' id='word_1_131' title='bbox 934 2267 1059 2350; x_wconf 84' lang='grc' dir='ltr'><strong><em>Καόρος</em></strong></span> <span class='ocrx_word' id='word_1_132' title='bbox 1081 2260 1275 2354; x_wconf 79' lang='grc' dir='ltr'><strong><em>ὅμαχαιρο-</em></strong></span> 
     </span>
     <span class='ocr_line' id='line_1_17' title="bbox 162 2392 1275 2500; baseline 0.005 -40"><span class='ocrx_word' id='word_1_133' title='bbox 162 2393 263 2480; x_wconf 86' lang='grc' dir='ltr'><strong><em>φόρος</em></strong></span> <span class='ocrx_word' id='word_1_134' title='bbox 284 2393 452 2469; x_wconf 82' lang='lat' dir='ltr'>audiretur,</span> <span class='ocrx_word' id='word_1_135' title='bbox 481 2394 559 2460; x_wconf 89' lang='lat' dir='ltr'>illico</span> <span class='ocrx_word' id='word_1_136' title='bbox 584 2394 784 2483; x_wconf 88' lang='lat' dir='ltr'>confingerent</span> <span class='ocrx_word' id='word_1_137' title='bbox 805 2392 1106 2497; x_wconf 51' lang='lat' dir='ltr'>Hebraeiiitptpl]</span> <span class='ocrx_word' id='word_1_138' title='bbox 1129 2399 1220 2500; x_wconf 60' lang='grc' dir='ltr'>Ἶξῌ,</span> <span class='ocrx_word' id='word_1_139' title='bbox 1244 2405 1275 2465; x_wconf 77' lang='lat' dir='ltr'>sl</span> 
     </span>
     <span class='ocr_line' id='line_1_18' title="bbox 162 2487 1274 2624; baseline 0.001 -42"><span class='ocrx_word' id='word_1_140' title='bbox 162 2518 293 2584; x_wconf 87' lang='lat' dir='ltr'>similiter</span> <span class='ocrx_word' id='word_1_141' title='bbox 315 2517 479 2604; x_wconf 80' lang='grc' dir='ltr'><em>Λάμαχον</em></span> <span class='ocrx_word' id='word_1_142' title='bbox 500 2514 558 2584; x_wconf 78' lang='grc' dir='ltr'>τόν</span> <span class='ocrx_word' id='word_1_143' title='bbox 581 2515 767 2606; x_wconf 80' lang='grc' dir='ltr'><strong><em>δορυφόρον</em></strong></span> <span class='ocrx_word' id='word_1_144' title='bbox 788 2521 819 2584; x_wconf 91' lang='lat' dir='ltr'>in</span> <span class='ocrx_word' id='word_1_145' title='bbox 846 2487 1069 2624; x_wconf 36' lang='lat' dir='ltr'>nimi?</span> <span class='ocrx_word' id='word_1_146' title='bbox 1091 2493 1172 2622; x_wconf 48' lang='grc' dir='ltr'>ἦρι]</span> <span class='ocrx_word' id='word_1_147' title='bbox 1195 2539 1274 2584; x_wconf 86' lang='lat' dir='ltr'>corn·</span> 
     </span>
    </p>
   </div>
   <div class='ocr_carea' id='block_1_6' title="bbox 162 2641 1275 3359">
    <p class='ocr_par' dir='ltr' id='par_1_6' title="bbox 162 2641 1275 3359">
     <span class='ocr_line' id='line_1_19' title="bbox 162 2641 1273 2749; baseline 0.002 -41"><span class='ocrx_word' id='word_1_148' title='bbox 162 2655 317 2708; x_wconf 89' lang='lat' dir='ltr'>mutarent.</span> <span class='ocrx_word' id='word_1_149' title='bbox 341 2643 379 2710; x_wconf 78' lang='lat' dir='ltr'>iit</span> <span class='ocrx_word' id='word_1_150' title='bbox 400 2647 426 2708; x_wconf 89' lang='lat' dir='ltr'>si</span> <span class='ocrx_word' id='word_1_151' title='bbox 450 2645 515 2734; x_wconf 84' lang='lat' dir='ltr'>quis</span> <span class='ocrx_word' id='word_1_152' title='bbox 538 2641 678 2729; x_wconf 88' lang='lat' dir='ltr'>objecerit</span> <span class='ocrx_word' id='word_1_153' title='bbox 699 2642 822 2709; x_wconf 83' lang='lat' dir='ltr'>formam</span> <span class='ocrx_word' id='word_1_154' title='bbox 838 2651 992 2749; x_wconf 58' lang='lat' dir='ltr'>&#39;ll&#39;ffil</span> <span class='ocrx_word' id='word_1_155' title='bbox 1006 2644 1273 2733; x_wconf 83' lang='lat' dir='ltr'>gentilitiamesse,</span> 
     </span>
     <span class='ocr_line' id='line_1_20' title="bbox 162 2740 1275 2858; baseline 0.003 -26"><span class='ocrx_word' id='word_1_156' title='bbox 162 2769 187 2832; x_wconf 89' lang='lat' dir='ltr'>is</span> <span class='ocrx_word' id='word_1_157' title='bbox 202 2789 329 2856; x_wconf 89' lang='lat' dir='ltr'>-quoquc</span> <span class='ocrx_word' id='word_1_158' title='bbox 352 2771 514 2836; x_wconf 89' lang='lat' dir='ltr'>meminerit</span> <span class='ocrx_word' id='word_1_159' title='bbox 536 2768 717 2856; x_wconf 78' lang='lat' dir='ltr'>Aeschylum</span> <span class='ocrx_word' id='word_1_160' title='bbox 745 2763 782 2834; x_wconf 80' lang='lat' dir='ltr'>cd</span> <span class='ocrx_word' id='word_1_161' title='bbox 804 2740 1052 2858; x_wconf 80' lang='grc' dir='ltr'><strong><em>μαχαιροφόρον</em></strong></span> <span class='ocrx_word' id='word_1_162' title='bbox 1073 2765 1173 2845; x_wconf 66' lang='grc' dir='ltr'><strong><em>ἔθνος</em></strong></span> <span class='ocrx_word' id='word_1_163' title='bbox 1194 2792 1275 2836; x_wconf 90' lang='lat' dir='ltr'>com·</span> 
     </span>
     <span class='ocr_line' id='line_1_21' title="bbox 162 2891 1275 2984; baseline 0.003 -27"><span class='ocrx_word' id='word_1_164' title='bbox 162 2914 338 2960; x_wconf 89' lang='lat' dir='ltr'>memorasse</span> <span class='ocrx_word' id='word_1_165' title='bbox 359 2891 528 2976; x_wconf 74' lang='lat' dir='ltr'>(Persbli).</span> <span class='ocrx_word' id='word_1_166' title='bbox 557 2893 749 2982; x_wconf 84' lang='lat' dir='ltr'>Thucydides</span> <span class='ocrx_word' id='word_1_167' title='bbox 770 2916 889 2984; x_wconf 83' lang='lat' dir='ltr'>quoque</span> <span class='ocrx_word' id='word_1_168' title='bbox 905 2895 1036 2962; x_wconf 86' lang='lat' dir='ltr'>Thraces</span> <span class='ocrx_word' id='word_1_169' title='bbox 1056 2907 1212 2968; x_wconf 87' lang='lat' dir='ltr'>montanos</span> <span class='ocrx_word' id='word_1_170' title='bbox 1229 2897 1275 2960; x_wconf 91' lang='lat' dir='ltr'>in·</span> 
     </span>
     <span class='ocr_line' id='line_1_22' title="bbox 162 3015 1273 3108; baseline 0.002 -24"><span class='ocrx_word' id='word_1_171' title='bbox 162 3016 257 3096; x_wconf 91' lang='lat' dir='ltr'>ducit,</span> <span class='ocrx_word' id='word_1_172' title='bbox 281 3039 357 3106; x_wconf 90' lang='lat' dir='ltr'>quos</span> <span class='ocrx_word' id='word_1_173' title='bbox 379 3015 645 3106; x_wconf 76' lang='grc' dir='ltr'><strong><em>μαχαιροφόρους</em></strong></span> <span class='ocrx_word' id='word_1_174' title='bbox 667 3021 795 3108; x_wconf 89' lang='lat' dir='ltr'>appellat</span> <span class='ocrx_word' id='word_1_175' title='bbox 818 3018 875 3101; x_wconf 93' lang='lat' dir='ltr'>(li,</span> <span class='ocrx_word' id='word_1_176' title='bbox 901 3018 954 3088; x_wconf 87' lang='grc'>96.</span> <span class='ocrx_word' id='word_1_177' title='bbox 975 3020 1044 3098; x_wconf 92' lang='lat' dir='ltr'>Vll,</span> <span class='ocrx_word' id='word_1_178' title='bbox 1069 3018 1120 3085; x_wconf 80' lang='lat'>27.</span> <span class='ocrx_word' id='word_1_179' title='bbox 1145 3019 1180 3086; x_wconf 85' lang='lat' dir='ltr'>oi.</span> <span class='ocrx_word' id='word_1_180' title='bbox 1195 3019 1273 3086; x_wconf 85' lang='lat' dir='ltr'>ch.</span> 
     </span>
     <span class='ocr_line' id='line_1_23' title="bbox 164 3142 1275 3235; baseline 0.005 -27"><span class='ocrx_word' id='word_1_181' title='bbox 164 3142 334 3232; x_wconf 70' lang='lat' dir='ltr'>Cyropvl,</span> <span class='ocrx_word' id='word_1_182' title='bbox 352 3144 372 3209; x_wconf 82' lang='lat'><strong>2</strong></span> <span class='ocrx_word' id='word_1_183' title='bbox 389 3142 407 3228; x_wconf 64' lang='grc' dir='ltr'><strong>ἓ</strong></span> <span class='ocrx_word' id='word_1_184' title='bbox 422 3142 490 3226; x_wconf 90' lang='grc'><strong>10),</strong></span> <span class='ocrx_word' id='word_1_185' title='bbox 513 3157 653 3234; x_wconf 70' lang='lat' dir='ltr'>unquam</span> <span class='ocrx_word' id='word_1_186' title='bbox 677 3148 702 3210; x_wconf 90' lang='lat' dir='ltr'>si</span> <span class='ocrx_word' id='word_1_187' title='bbox 726 3168 758 3212; x_wconf 92' lang='lat' dir='ltr'>ea</span> <span class='ocrx_word' id='word_1_188' title='bbox 782 3158 860 3212; x_wconf 87' lang='lat' dir='ltr'>esset</span> <span class='ocrx_word' id='word_1_189' title='bbox 880 3147 997 3213; x_wconf 87' lang='lat' dir='ltr'>ethniea</span> <span class='ocrx_word' id='word_1_190' title='bbox 1018 3145 1192 3235; x_wconf 80' lang='lat' dir='ltr'>designatio.</span> <span class='ocrx_word' id='word_1_191' title='bbox 1225 3145 1275 3215; x_wconf 85' lang='lat' dir='ltr'>Ad</span> 
     </span>
     <span class='ocr_line' id='line_1_24' title="bbox 162 3268 1274 3359; baseline 0.008 -29"><span class='ocrx_word' id='word_1_192' title='bbox 162 3289 263 3334; x_wconf 87' lang='lat' dir='ltr'>vocem</span> <span class='ocrx_word' id='word_1_193' title='bbox 284 3268 450 3354; x_wconf 78' lang='grc' dir='ltr'><strong><em>μάχαιραν</em></strong></span> <span class='ocrx_word' id='word_1_194' title='bbox 471 3270 553 3358; x_wconf 89' lang='lat' dir='ltr'>quod</span> <span class='ocrx_word' id='word_1_195' title='bbox 581 3273 686 3336; x_wconf 87' lang='lat' dir='ltr'>attinet</span> <span class='ocrx_word' id='word_1_196' title='bbox 712 3293 774 3336; x_wconf 91' lang='lat' dir='ltr'>non</span> <span class='ocrx_word' id='word_1_197' title='bbox 800 3284 907 3338; x_wconf 86' lang='lat' dir='ltr'>temere</span> <span class='ocrx_word' id='word_1_198' title='bbox 930 3283 976 3336; x_wconf 87' lang='lat' dir='ltr'>est</span> <span class='ocrx_word' id='word_1_199' title='bbox 999 3271 1081 3359; x_wconf 86' lang='lat' dir='ltr'>quod</span> <span class='ocrx_word' id='word_1_200' title='bbox 1104 3271 1274 3339; x_wconf 86' lang='lat' dir='ltr'>Solomonis</span> 
     </span>
    </p>
   </div>
   <div class='ocr_carea' id='block_1_7' title="bbox 162 3393 1379 3483">
    <p class='ocr_par' dir='ltr' id='par_1_7' title="bbox 162 3393 1379 3483">
     <span class='ocr_line' id='line_1_25' title="bbox 162 3393 1379 3483; baseline 0.002 -26"><span class='ocrx_word' id='word_1_201' title='bbox 162 3403 254 3458; x_wconf 83' lang='lat' dir='ltr'>aetate</span> <span class='ocrx_word' id='word_1_202' title='bbox 278 3393 334 3460; x_wconf 89' lang='lat' dir='ltr'>bor</span> <span class='ocrx_word' id='word_1_203' title='bbox 355 3398 422 3483; x_wconf 89' lang='lat' dir='ltr'>ipso</span> <span class='ocrx_word' id='word_1_204' title='bbox 440 3397 557 3460; x_wconf 89' lang='lat' dir='ltr'>nomine</span> <span class='ocrx_word' id='word_1_205' title='bbox 572 3393 712 3460; x_wconf 86' lang='lat' dir='ltr'>utebatur</span> <span class='ocrx_word' id='word_1_206' title='bbox 729 3408 809 3461; x_wconf 84' lang='lat' dir='ltr'>vates</span> <span class='ocrx_word' id='word_1_207' title='bbox 824 3394 1005 3461; x_wconf 87' lang='lat' dir='ltr'>lasbaranus</span> <span class='ocrx_word' id='word_1_208' title='bbox 1021 3395 1058 3460; x_wconf 94' lang='lat' dir='ltr'>ad</span> <span class='ocrx_word' id='word_1_209' title='bbox 1075 3395 1272 3462; x_wconf 88' lang='lat' dir='ltr'>denotandum</span> <span class='ocrx_word' id='word_1_210' title='bbox 1376 3399 1379 3402; x_wconf 81' lang='grc'><strong>’</strong></span> 
     </span>
    </p>
   </div>
   <div class='ocr_carea' id='block_1_8' title="bbox 160 3515 1333 4360">
    <p class='ocr_par' dir='ltr' id='par_1_8' title="bbox 160 3515 1333 4360">
     <span class='ocr_line' id='line_1_26' title="bbox 162 3515 1273 3611; baseline 0.002 -27"><span class='ocrx_word' id='word_1_211' title='bbox 162 3515 281 3596; x_wconf 86' lang='lat' dir='ltr'>Carum,</span> <span class='ocrx_word' id='word_1_212' title='bbox 298 3517 491 3596; x_wconf 80' lang='lat' dir='ltr'>Cretensium,</span> <span class='ocrx_word' id='word_1_213' title='bbox 510 3517 749 3608; x_wconf 84' lang='lat' dir='ltr'>Cypriorumque</span> <span class='ocrx_word' id='word_1_214' title='bbox 764 3519 904 3611; x_wconf 88' lang='lat' dir='ltr'>gladium.</span> <span class='ocrx_word' id='word_1_215' title='bbox 930 3518 1004 3586; x_wconf 89' lang='lat' dir='ltr'>Nam</span> <span class='ocrx_word' id='word_1_216' title='bbox 1020 3543 1112 3609; x_wconf 86' lang='lat' dir='ltr'>quum</span> <span class='ocrx_word' id='word_1_217' title='bbox 1127 3520 1273 3586; x_wconf 80' lang='lat' dir='ltr'>Homerici</span> 
     </span>
     <span class='ocr_line' id='line_1_27' title="bbox 160 3639 1275 3734; baseline 0.004 -26"><span class='ocrx_word' id='word_1_218' title='bbox 160 3641 316 3709; x_wconf 87' lang='lat' dir='ltr'>bellatores</span> <span class='ocrx_word' id='word_1_219' title='bbox 333 3657 392 3710; x_wconf 89' lang='lat' dir='ltr'>tam</span> <span class='ocrx_word' id='word_1_220' title='bbox 407 3639 573 3730; x_wconf 78' lang='grc' dir='ltr'><strong><em>μάχαιραν</em></strong></span> <span class='ocrx_word' id='word_1_221' title='bbox 588 3667 675 3734; x_wconf 86' lang='lat' dir='ltr'>quam</span> <span class='ocrx_word' id='word_1_222' title='bbox 692 3647 786 3732; x_wconf 66' lang='lat' dir='ltr'>§lonc</span> <span class='ocrx_word' id='word_1_223' title='bbox 804 3667 841 3710; x_wconf 84' lang='lat' dir='ltr'>ex</span> <span class='ocrx_word' id='word_1_224' title='bbox 856 3645 974 3734; x_wconf 87' lang='lat' dir='ltr'>cingulo</span> <span class='ocrx_word' id='word_1_225' title='bbox 991 3668 1046 3712; x_wconf 90' lang='lat' dir='ltr'>suo</span> <span class='ocrx_word' id='word_1_226' title='bbox 1063 3644 1275 3734; x_wconf 88' lang='lat' dir='ltr'>suspenderent</span> 
     </span>
     <span class='ocr_line' id='line_1_28' title="bbox 162 3763 1276 3859; baseline 0.004 -26"><span class='ocrx_word' id='word_1_227' title='bbox 162 3763 281 3846; x_wconf 70' lang='lat' dir='ltr'>(lilii,</span> <span class='ocrx_word' id='word_1_228' title='bbox 304 3767 383 3834; x_wconf 71' lang='lat' dir='ltr'>tit:</span> <span class='ocrx_word' id='word_1_229' title='bbox 409 3766 576 3858; x_wconf 80' lang='grc' dir='ltr'><strong><em>μάχαιραν</em></strong></span> <span class='ocrx_word' id='word_1_230' title='bbox 598 3767 618 3856; x_wconf 78' lang='grc' dir='ltr'><em>ἢ</em></span> <span class='ocrx_word' id='word_1_231' title='bbox 640 3765 672 3835; x_wconf 76' lang='grc' dir='ltr'>οἳ</span> <span class='ocrx_word' id='word_1_232' title='bbox 693 3764 760 3859; x_wconf 75' lang='grc' dir='ltr'>πὰρ</span> <span class='ocrx_word' id='word_1_233' title='bbox 783 3772 921 3858; x_wconf 75' lang='grc' dir='ltr'><strong><em>ξίφεος</em></strong></span> <span class='ocrx_word' id='word_1_234' title='bbox 942 3773 1027 3854; x_wconf 68' lang='grc' dir='ltr'>μέγα</span> <span class='ocrx_word' id='word_1_235' title='bbox 1047 3763 1182 3836; x_wconf 78' lang='grc' dir='ltr'><strong><em>κουλεόν</em></strong></span> <span class='ocrx_word' id='word_1_236' title='bbox 1203 3769 1276 3836; x_wconf 73' lang='grc' dir='ltr'>αἰὲν</span> 
     </span>
     <span class='ocr_line' id='line_1_29' title="bbox 161 3885 1275 3985; baseline 0.004 -29"><span class='ocrx_word' id='word_1_237' title='bbox 161 3885 291 3979; x_wconf 81' lang='grc' dir='ltr'><strong><em>ἄωρτο),</em></strong></span> <span class='ocrx_word' id='word_1_238' title='bbox 313 3894 390 3960; x_wconf 89' lang='lat' dir='ltr'>iiiam</span> <span class='ocrx_word' id='word_1_239' title='bbox 411 3898 512 3981; x_wconf 89' lang='lat' dir='ltr'>potius</span> <span class='ocrx_word' id='word_1_240' title='bbox 532 3894 571 3961; x_wconf 94' lang='lat' dir='ltr'>ad</span> <span class='ocrx_word' id='word_1_241' title='bbox 589 3895 749 3962; x_wconf 90' lang='lat' dir='ltr'>caedendas</span> <span class='ocrx_word' id='word_1_242' title='bbox 766 3899 890 3962; x_wconf 84' lang='lat' dir='ltr'>victimis</span> <span class='ocrx_word' id='word_1_243' title='bbox 911 3908 940 3962; x_wconf 88' lang='lat' dir='ltr'>et</span> <span class='ocrx_word' id='word_1_244' title='bbox 954 3894 1100 3985; x_wconf 89' lang='lat' dir='ltr'>parandas</span> <span class='ocrx_word' id='word_1_245' title='bbox 1116 3895 1206 3984; x_wconf 88' lang='lat' dir='ltr'>dapes</span> <span class='ocrx_word' id='word_1_246' title='bbox 1222 3894 1275 3978; x_wconf 83' lang='lat' dir='ltr'>ad·</span> 
     </span>
     <span class='ocr_line' id='line_1_30' title="bbox 161 4016 1274 4110; baseline 0.002 -26"><span class='ocrx_word' id='word_1_247' title='bbox 161 4016 315 4095; x_wconf 88' lang='lat' dir='ltr'>hibebant,</span> <span class='ocrx_word' id='word_1_248' title='bbox 345 4020 403 4085; x_wconf 91' lang='lat' dir='ltr'>boc</span> <span class='ocrx_word' id='word_1_249' title='bbox 432 4022 462 4086; x_wconf 93' lang='lat' dir='ltr'>in</span> <span class='ocrx_word' id='word_1_250' title='bbox 490 4042 592 4109; x_wconf 89' lang='lat' dir='ltr'>pugna</span> <span class='ocrx_word' id='word_1_251' title='bbox 618 4024 750 4086; x_wconf 88' lang='lat' dir='ltr'>cominus</span> <span class='ocrx_word' id='word_1_252' title='bbox 773 4021 900 4110; x_wconf 91' lang='lat' dir='ltr'>gerenda</span> <span class='ocrx_word' id='word_1_253' title='bbox 924 4020 1117 4110; x_wconf 87' lang='lat' dir='ltr'>usurpabant.</span> <span class='ocrx_word' id='word_1_254' title='bbox 1157 4019 1274 4110; x_wconf 81' lang='lat' dir='ltr'>Quippe</span> 
     </span>
     <span class='ocr_line' id='line_1_31' title="bbox 162 4139 1274 4234; baseline 0.004 -26"><span class='ocrx_word' id='word_1_255' title='bbox 162 4143 256 4229; x_wconf 72' lang='grc' dir='ltr'><strong><em>ξίφος</em></strong></span> <span class='ocrx_word' id='word_1_256' title='bbox 278 4139 315 4224; x_wconf 86' lang='lat' dir='ltr'>(a</span> <span class='ocrx_word' id='word_1_257' title='bbox 338 4139 414 4222; x_wconf 84' lang='grc' dir='ltr'><strong><em>ξόω,</em></strong></span> <span class='ocrx_word' id='word_1_258' title='bbox 439 4143 538 4222; x_wconf 70' lang='grc' dir='ltr'><strong><em>ξέΓω,</em></strong></span> <span class='ocrx_word' id='word_1_259' title='bbox 561 4144 597 4210; x_wconf 86' lang='lat' dir='ltr'>ni.</span> <span class='ocrx_word' id='word_1_260' title='bbox 613 4141 712 4230; x_wconf 78' lang='grc' dir='ltr'><strong><em>βρόα,</em></strong></span> <span class='ocrx_word' id='word_1_261' title='bbox 733 4145 881 4234; x_wconf 73' lang='grc' dir='ltr'><strong><em>βρέφος),</em></strong></span> <span class='ocrx_word' id='word_1_262' title='bbox 905 4146 985 4214; x_wconf 90' lang='lat' dir='ltr'>baud</span> <span class='ocrx_word' id='word_1_263' title='bbox 1008 4147 1145 4212; x_wconf 86' lang='lat' dir='ltr'>aliterue</span> <span class='ocrx_word' id='word_1_264' title='bbox 1168 4143 1274 4232; x_wconf 77' lang='grc' dir='ltr'><strong><em>ξόροο,</em></strong></span> 
     </span>
     <span class='ocr_line' id='line_1_32' title="bbox 160 4267 1333 4360; baseline 0.006 -28"><span class='ocrx_word' id='word_1_265' title='bbox 160 4281 267 4334; x_wconf 85' lang='lat' dir='ltr'>rectam</span> <span class='ocrx_word' id='word_1_266' title='bbox 291 4268 396 4334; x_wconf 88' lang='lat' dir='ltr'>habuit</span> <span class='ocrx_word' id='word_1_267' title='bbox 418 4273 521 4348; x_wconf 90' lang='lat' dir='ltr'>aciem,</span> <span class='ocrx_word' id='word_1_268' title='bbox 546 4292 638 4358; x_wconf 88' lang='lat' dir='ltr'>quum</span> <span class='ocrx_word' id='word_1_269' title='bbox 658 4270 818 4357; x_wconf 77' lang='grc' dir='ltr'><strong><em>μάχαιρα,</em></strong></span> <span class='ocrx_word' id='word_1_270' title='bbox 841 4293 915 4360; x_wconf 90' lang='lat' dir='ltr'>quas</span> <span class='ocrx_word' id='word_1_271' title='bbox 937 4267 1031 4347; x_wconf 70' lang='grc' dir='ltr'><strong><em>κόπος</em></strong></span> <span class='ocrx_word' id='word_1_272' title='bbox 1054 4272 1195 4360; x_wconf 90' lang='lat' dir='ltr'>quaedam</span> <span class='ocrx_word' id='word_1_273' title='bbox 1218 4269 1276 4339; x_wconf 89' lang='lat' dir='ltr'>suit</span> <span class='ocrx_word' id='word_1_274' title='bbox 1327 4268 1333 4278; x_wconf 79' lang='grc'><strong>’</strong></span> 
     </span>
    </p>
   </div>
   <div class='ocr_carea' id='block_1_9' title="bbox 161 4391 1275 4610">
    <p class='ocr_par' dir='ltr' id='par_1_9' title="bbox 161 4391 1275 4610">
     <span class='ocr_line' id='line_1_33' title="bbox 161 4391 1275 4485; baseline 0.007 -29"><span class='ocrx_word' id='word_1_275' title='bbox 161 4394 208 4458; x_wconf 78' lang='lat' dir='ltr'>vel</span> <span class='ocrx_word' id='word_1_276' title='bbox 231 4391 394 4480; x_wconf 78' lang='grc' dir='ltr'><strong><em>δρέπανον</em></strong></span> <span class='ocrx_word' id='word_1_277' title='bbox 416 4392 594 4482; x_wconf 76' lang='grc' dir='ltr'><strong><em>(όρεπόορ),</em></strong></span> <span class='ocrx_word' id='word_1_278' title='bbox 618 4399 648 4461; x_wconf 87' lang='lat' dir='ltr'>in</span> <span class='ocrx_word' id='word_1_279' title='bbox 672 4395 751 4461; x_wconf 88' lang='lat' dir='ltr'>laicis</span> <span class='ocrx_word' id='word_1_280' title='bbox 775 4399 929 4462; x_wconf 88' lang='lat' dir='ltr'>vinitoriae</span> <span class='ocrx_word' id='word_1_281' title='bbox 951 4399 1076 4485; x_wconf 89' lang='lat' dir='ltr'>speciem</span> <span class='ocrx_word' id='word_1_282' title='bbox 1096 4396 1275 4464; x_wconf 81' lang='lat' dir='ltr'>curvabatur</span> 
     </span>
     <span class='ocr_line' id='line_1_34' title="bbox 161 4516 1274 4610; baseline 0.006 -27"><span class='ocrx_word' id='word_1_283' title='bbox 161 4516 249 4599; x_wconf 84' lang='lat' dir='ltr'>(ileu.</span> <span class='ocrx_word' id='word_1_284' title='bbox 262 4518 346 4608; x_wconf 74' lang='lat' dir='ltr'>qu.</span> <span class='ocrx_word' id='word_1_285' title='bbox 357 4520 407 4596; x_wconf 83' lang='grc' dir='ltr'>Ν,</span> <span class='ocrx_word' id='word_1_286' title='bbox 427 4519 483 4599; x_wconf 75' lang='lat'>113</span> <span class='ocrx_word' id='word_1_287' title='bbox 507 4521 609 4609; x_wconf 79' lang='lat' dir='ltr'>Enrip.</span> <span class='ocrx_word' id='word_1_288' title='bbox 624 4521 702 4610; x_wconf 72' lang='lat' dir='ltr'>cycl.</span> <span class='ocrx_word' id='word_1_289' title='bbox 716 4518 796 4599; x_wconf 64' lang='lat' dir='ltr'>tin</span> <span class='ocrx_word' id='word_1_290' title='bbox 818 4520 896 4588; x_wconf 91' lang='lat' dir='ltr'>Plut.</span> <span class='ocrx_word' id='word_1_291' title='bbox 911 4521 1021 4589; x_wconf 81' lang='lat' dir='ltr'>Olenon.</span> <span class='ocrx_word' id='word_1_292' title='bbox 1034 4519 1099 4606; x_wconf 86' lang='grc'><strong>26).</strong></span> <span class='ocrx_word' id='word_1_293' title='bbox 1130 4523 1274 4590; x_wconf 84' lang='lat' dir='ltr'>lixstabat</span> 
     </span>
    </p>
   </div>
   <div class='ocr_carea' id='block_1_10' title="bbox 0 0 1592 5186">
    <p class='ocr_par' dir='ltr' id='par_1_10' title="bbox 0 0 1592 5186">
     <span class='ocr_line' id='line_1_35' title="bbox 0 0 1592 5186; baseline 0 0"><span class='ocrx_word' id='word_1_294' title='bbox 0 0 1592 5186; x_wconf 95' lang='lat' dir='ltr'> </span> 
     </span>
    </p>
   </div>
  </div>
 </body>
</html>
