3172 5186
843 335 920 409 380

324 543 456 634 prolecto
472 537 615 631 Δοίφαῆ
630 542 784 631 μάχαιρα,
804 567 888 634 quac,
908 569 999 635 quum
1015 546 1052 612 ad
1068 547 1240 635 multiplices
1256 568 1330 613 usus
1346 569 1437 614 πενι-
1572 615 1573 628 ,

323 669 406 758 χρώς
433 670 650 738 accommodata
679 684 755 738 esset
781 665 924 752 (Aristot.
942 672 1010 739 Ροί.
1029 672 1056 750 Ι,
1081 668 1136 755 2),
1167 694 1285 738 curvam
1309 671 1435 740 lortasre

322 795 450 862 babebat
472 800 502 862 in
525 795 630 876 bonta,
654 800 684 862 in
709 797 799 864 dorso
815 811 911 864 autem
927 811 1032 864 rectam
1050 801 1156 876 aciem;
1180 796 1236 864 tuit
1251 821 1321 888 ergo
1339 802 1436 887 ξιφο-

322 917 483 1007 μαίχαιρα,
506 935 534 987 et
556 921 618 988 fieri
644 935 758 1011 potest,
782 935 817 988 ut
838 923 995 1011 Euripides
1023 925 1109 990 talem
1133 923 1275 1012 significet
1297 925 1434 1001 cultrum,

323 1069 414 1136 quum
438 1046 587 1124 Orestem,
617 1051 663 1113 cui
688 1053 783 1116 minus
811 1050 936 1138 placeret
958 1044 1045 1136 ὀρθοὶ
1070 1041 1186 1135 σφαγίς
1213 1048 1340 1131 (Eleon.
1357 1047 1434 1133 811)

322 1173 369 1238 vel
391 1168 576 1260 εὐκρότηπος
596 1175 701 1259 Δωρίς
723 1172 765 1256 (v.
778 1173 866 1258 819),
891 1176 1033 1242 dicentem
1055 1174 1168 1242 inducit
1186 1171 1233 1257 (v.
1247 1172 1342 1257 835):
1365 1169 1435 1257 ccix,
1572 1217 1573 1270 ρ

322 1296 409 1376 ὅπως
430 1302 623 1384 ποοσσηρίαν
644 1299 909 1384 θοινασόμεσθα,
937 1296 1072 1366 Φθιάδ’
1094 1296 1166 1366 ἀντὶ
1187 1301 1333 1386 Δωρικῆς
1355 1303 1435 1368 otoo
1572 1307 1573 1330 ³

321 1447 368 1502 τις
388 1419 464 1510 ἡμίν
478 1423 598 1502 κοπίδ’,
615 1419 797 1514 ἀπορρῆξαι
814 1424 923 1508 χέλυος
951 1426 1034 1492 Hanc
1056 1429 1147 1514 igitur
1168 1426 1334 1513 μάχαιραν
1347 1427 1433 1494 Plato
1572 1511 1573 1516 ρ

322 1545 512 1638 (Reperti,
531 1545 608 1633 ³53)
632 1553 677 1616 vel
701 1574 717 1615 a
742 1550 890 1638 δρεπάνῳ
914 1552 951 1616 ad
974 1555 1047 1617 vites
1072 1551 1265 1641 amputandas
1287 1551 1366 1618 sacto
1390 1550 1434 1618 di·

320 1674 524 1764 stingueudam
552 1689 648 1764 putat.
693 1675 791 1760 Quum
820 1690 916 1742 autem
944 1679 1062 1743 serioris
1092 1681 1155 1744 aevi
1184 1668 1284 1744 Graeci
1315 1680 1433 1744 nonnisi

320 1801 415 1887 ’ξίφος
437 1801 482 1867 vel
504 1814 616 1866 rectum
644 1801 773 1890 gladium
803 1805 834 1867 in
853 1802 1014 1868 militando
1043 1803 1223 1869 adhibebant
1250 1815 1280 1868 et
1307 1806 1432 1889 prisca·
1572 1801 1573 1810 ’

319 1925 484 2011 μάχαιραν
505 1927 551 1991 vel
578 1930 666 2017 pupis
695 1923 790 2009 (uode
812 1927 972 2016 Delphicus
1001 1927 1048 1994 ille
1071 1924 1278 2015 Μαχαιρεύς)
1302 1924 1432 2010 (Strabo

321 2073 352 2140 p.
365 2049 439 2118 421.
460 2051 496 2116 cl.
509 2051 594 2117 Pind.
607 2053 765 2131 Nemavll,
782 2050 838 2135 42)
855 2053 899 2119 vel
924 2023 1332 2142 meticulunnnesrulapii
1354 2054 1432 2118 filius
1572 2061 1573 2064 ’

319 2173 483 2260 Μαχάων)
506 2176 718 2265 relinquebant,
745 2191 807 2244 tum
831 2180 939 2257 statim,
963 2192 997 2244 ut
1020 2178 1144 2256 videtur,
1169 2191 1239 2267 post
1261 2177 1432 2246 Solomonis

320 2315 442 2368 centem
465 2290 591 2368 Hebraei
616 2306 761 2390 μαχαίρᾳ
786 2305 826 2368 illi
851 2303 1019 2370 Semiticum
1047 2326 1152 2370 nomeu
1175 2309 1258 2410 Ἆῄί]
1280 2303 1430 2380 indebant,

319 2430 361 2494 ita
390 2439 424 2493 ut
450 2427 509 2493 hoc
530 2427 589 2494 lere
613 2428 851 2518 qubdringentics
880 2433 910 2495 in
934 2433 1023 2496 sacris
1047 2429 1128 2496 libris
1156 2434 1336 2506 inveniatur,
1360 2429 1430 2494 dum

188 2599 193 2609 ·
320 2559 429 2660 mm
446 2556 485 2619 sit
501 2551 591 2634 ἅπαξ
610 2549 791 2644 λεγόμενον.
818 2555 849 2620 ln
873 2555 989 2622 vetusta
1012 2557 1086 2621 enim
1102 2556 1200 2622 Persei
1223 2554 1332 2633 fabula,
1355 2575 1431 2642 quae

319 2678 358 2748 ad
385 2683 481 2766 prisca
510 2679 690 2746 Phoenicum
721 2680 891 2746 commercia
921 2680 1064 2758 ascendit,
1093 2680 1237 2764 μάχαιρα
1261 2681 1305 2745 vel
1335 2669 1432 2766 ξιὶροὲ

317 2803 462 2892 μάχαιρα
477 2799 556 2885 (vide
569 2806 722 2892 Aristoph.
733 2805 912 2893 Tbccmopb.
925 2804 1008 2871 1120
1025 2818 1053 2871 et
1069 2803 1169 2872 Schol.
1186 2805 1222 2871 ad
1239 2803 1318 2888 loc),
1342 2826 1430 2893 quam

319 2929 520 3017 Γοργοφόνος
543 2930 590 2997 ille
612 2931 793 2997 aMercurio
817 2934 936 3020 accepit,
961 2929 1057 3019 ἅρπη,
1080 2935 1099 2996 i.
1117 2954 1141 2996 e.
1157 2935 1239 3039 ἱρῇ
1254 2931 1428 3019 appellatur.

318 3055 356 3123 llt
379 3056 557 3122 Graecorum
587 3053 675 3143 ἅρπη
702 3079 817 3145 semper
839 3056 1184 3143 denotabetffdoemcvov
1205 3056 1354 3145 quoddam
1383 3056 1430 3121 vel
1572 3121 1573 3130 ,

317 3194 467 3248 curvatam
488 3185 648 3247 vinitorum
672 3182 771 3247 falcem
790 3178 1136 3262 (coeremitae-,dtu
1154 3181 1208 3248 12:
1231 3179 1430 3269 ἅρπηνδρί-

318 3327 434 3374 πανον.
456 3304 622 3394 Σοφοκλῆς
644 3307 743 3396 Νόμῳ
766 3307 940 3396 Σααορικῷ.
967 3307 1002 3372 el.
1021 3307 1141 3373 Hesiod.
1157 3307 1215 3394 op.
1238 3318 1268 3372 et
1279 3307 1324 3374 D.
1341 3303 1427 3387 571).

317 3433 417 3499 Prisca
432 3437 530 3522 igitur
552 3445 581 3498 et
603 3433 741 3499 bellicosa
769 3433 981 3522 significatione
1003 3432 1167 3519 μάχαιραν
1188 3445 1251 3498 tum
1274 3431 1430 3498 dumtaxat

316 3558 441 3626 Hebraei
464 3557 658 3647 usurpabant,
683 3581 773 3647 quum
797 3561 861 3645 ipsa
884 3559 932 3624 illa
955 3557 1015 3622 salx
1038 3581 1054 3622 a
1077 3557 1202 3624 Caribus
1226 3580 1326 3624 recens
1349 3556 1429 3622 illata

317 3673 394 3751 erat:
417 3707 483 3749 nam
505 3696 608 3769 postea
629 3683 704 3750 idem
723 3687 948 3749 instrumentum
971 3684 1012 3748 illi
1028 3683 1145 3771 quidem
1169 3705 1221 3750 sua
1237 3684 1338 3771 lingua
1352 3705 1430 3748 nun·

318 3809 465 3899 cupabant
486 3814 582 3916 2¹20,
600 3807 702 3876 Graeci
725 3823 820 3874 antem
841 3807 1038 3897 μάχαιρανο
1062 3809 1162 3874 militia
1186 3807 1222 3874 ad
1245 3807 1290 3874 dei
1307 3807 1427 3884 cultum,

317 3937 363 4003 vel
385 3935 565 4012 medicinam,
582 3934 628 4000 vel
651 3935 789 4002 secandas
813 3957 922 4012 carnes,
939 3935 985 4000 vel
1000 3937 1103 4000 vitium
1126 3937 1310 4022 putationem
1332 3947 1429 4000 trans·

315 4061 453 4129 tulerant.
499 4061 582 4128 Unde
604 4060 711 4127 sactum
736 4074 794 4138 est,
818 4073 852 4126 ut
873 4060 971 4127 brevis
995 4059 1097 4128 Graeci
1122 4059 1257 4127 vocabuli
1284 4081 1357 4127 usus
1380 4081 1428 4125 ac·

317 4202 417 4254 curata
440 4191 478 4254 sit
500 4186 653 4253 Jasharaoi
676 4189 817 4275 temporis
841 4190 963 4252 notatio.

767 4417 969 4428 ——u—u—-u
