3166 5178
689 372 736 444 Μ
1249 227 1387 423 s

156 581 293 664 peutinae
315 581 454 665 originem
477 569 645 644 etecusam
669 581 878 668 explicandam.
917 580 1004 656 Quod
1018 579 1152 670 'semem
1175 607 1269 672 prono

156 715 259 767 ventre
281 703 398 781 labitur,
422 703 503 791 qarod
528 708 558 768 in
580 717 696 771 terreno
719 707 848 792 pulvere.
861 707 1020 783 volutatur,
1043 707 1074 772 id
1096 731 1156 773 uon
1178 713 1270 796 magia

134 831 262 910 ¹anirum
290 851 377 916 quam
406 829 486 918 quod
518 832 613 916 pisces
639 833 670 894 in
697 852 773 919 aqua
799 844 915 908 natant,
943 831 1024 920 qrrod
1056 836 1117 897 siue
1143 838 1270 920 pernicie

155 952 252 1017 trudas
279 967 380 1040 aperto
409 976 459 1018 ore
486 957 643 1041 excipiunt.
690 955 729 1020 Et
756 959 780 1020 si
806 960 940 1043 primitus
969 977 1102 1042 serpens,
1131 971 1269 1048 tanquam

155 1079 354 1164 plesiosaurus
382 1079 604 1166 qualismnque,
639 1092 734 1144 erecto
763 1083 870 1167 capite,
904 1093 934 1146 et
965 1094 1120 1170 ¹quattuor,
1149 1085 1209 1160 vel,
1244 1088 1270 1148 si
1393 1077 1397 1094 ¹

155 1205 256 1279 mavia,
281 1202 397 1268 mmm
418 1203 543 1289 pedibus
564 1204 797 1290 perambulabat,
820 1227 881 1270 non
902 1219 1000 1271 tamen
1021 1207 1128 1274 idcirco
1144 1209 1182 1274 ad
1203 1232 1269 1275 mu·

154 1329 254 1392 lierem
288 1327 540 1392 contaminandam
573 1330 640 1416 plus
671 1330 770 1394 valuit.
819 1329 926 1421 'Ceteri
959 1335 1035 1398 cmm
1066 1333 1269 1422 quadrupedes

153 1452 232 1518 idem
259 1452 356 1518 iacere
379 1456 553 1539 potuissent.
600 1452 633 1519 Si
660 1476 755 1541 poena
782 1455 905 1522 adeam
931 1455 1097 1524 facultatem
1120 1459 1269 1524 reserenda

154 1589 233 1653 erat,
262 1599 320 1665 qua
347 1577 456 1642 abusus
483 1591 566 1643 tauta
596 1579 672 1644 mala
702 1583 733 1644 in
766 1580 907 1646 mundum
941 1580 1071 1658 induxit,
1100 1595 1268 1670 exspectare

154 1715 273 1789 oportet
295 1701 426 1768 lutrarum
449 1702 547 1780 luisse,
571 1716 605 1768 ut
626 1704 682 1768 lrae
704 1708 846 1770 sententia
861 1705 998 1770 conclusa
1020 1719 1109 1772 esset:
1133 1719 1193 1784 »tu,
1218 1711 1268 1795 qui

153 1841 241 1892 autea
267 1827 395 1892 hermano
423 1851 556 1894 sermone
576 1829 757 1916 loquebaris,
787 1833 838 1918 qui
864 1829 992 1896 humane
1020 1831 1173 1898 ealliditate
1200 1834 1267 1918 pol·

153 1951 249 2028 lebas,
285 1955 316 2016 in
348 1966 499 2040 posterum
537 1966 636 2018 mutus
668 1955 735 2032 fies,
771 1966 800 2018 et
837 1953 927 2020 bruto
961 1959 1059 2042 pecori
1093 1956 1266 2023 adnumera·

151 2077 258 2144 beris«
302 2076 343 2144 Ut
371 2081 467 2142 omnia
493 2099 553 2142 uno
583 2091 685 2144 tenore
709 2093 843 2156 curram,
867 2079 1018 2146 redeamus
1046 2081 1084 2146 ad
1114 2085 1267 2170 mysticam

152 2205 296 2289 serpentis
319 2203 564 2290 significationem.
612 2201 645 2270 Si
672 2207 761 2291 igitur
788 2205 845 2270 sul)
867 2211 1009 2293 serpentis
1031 2210 1155 2294 imagine
1180 2207 1266 2294 phal-

151 2328 238 2392 lieum
268 2330 383 2413 siguum
405 2328 604 2415 intelligimus,
630 2351 716 2417 quam
738 2331 826 2416 plana
848 2344 918 2397 sunt
941 2344 970 2396 et
992 2335 1134 2397 concinna
1161 2344 1267 2400 cuncta

153 2455 283 2538 picturae
306 2453 489 2518 ineameuta!
525 2452 600 2518 Nam
622 2467 657 2519 ut
678 2457 903 2521 instrumentum
930 2457 1003 2542 lapsi
1025 2457 1149 2526 homilis
1171 2479 1267 2544 poena

157 2577 279 2666 quadam
303 2601 357 2644 sua
377 2578 580 2655 mrrlctaretur,
605 2591 634 2644 et
657 2575 816 2663 'ignominia
838 2583 880 2644 rei
903 2593 972 2666 apte
997 2579 1169 2656 alliceretur,
1194 2603 1264 2646 con-

152 2689 298 2768 demnatio
322 2704 536 2790 serpentie‘tali
558 2703 646 2769 modo
667 2705 825 2790 premitur:
848 2707 943 2770 »inter
965 2726 1067 2771 omncs
1087 2705 1213 2791 pecudes
1236 2720 1267 2770 et

152 2829 285 2894 animalia
317 2815 389 2894 illud
415 2831 608 2914 generationis
642 2832 757 2914 signum
785 2827 920 2896 dedecori
952 2833 1006 2897 erit
1035 2843 1064 2894 et
1090 2831 1266 2918 opprobrio;

151 2957 245 3020 ventri
273 2976 327 3018 suo
355 2953 511 3049 illigatum,
535 2966 564 3018 ct
585 2953 697 3020 devexo
722 2957 829 3040 eapite,
853 2958 929 3020 inter
958 2955 1047 3042 pedes
1074 2955 1264 3043 progredien-

151 3082 224 3144 tium
246 3091 388 3164 pcrpetua
409 3077 537 3165 pulveris
559 3078 637 3146 nube
653 3079 909 3158 circumfundetur,
935 3093 964 3145 et
985 3085 1105 3148 terrenis
1128 3081 1264 3150 sordibus

149 3217 291 3292 tanquam
318 3203 453 3268 alimento
479 3217 639 3270 vescetur«
687 3205 878 3270 Locutionem
905 3181 985 3278 &aa
1014 3210 1148 3292 partitive
1175 3229 1263 3274 usur-

149 3332 214 3415 pari
236 3351 333 3415 posse,
356 3340 391 3393 ut
412 3327 586 3414 respondeat
606 3329 710 3394 Latino
732 3331 812 3394 later
826 3331 932 3396 omnio
953 3333 1000 3396 vel
1023 3333 1169 3414 ommium,
1192 3354 1262 3418 pro·

149 3453 239 3520 batur
261 3455 326 3518 loco
341 3454 399 3519 Jer.
416 3450 509 3532 XVII,
526 3453 557 3530 9,
580 3454 633 3520 ubi
653 3455 775 3540 legimus
798 3428 879 3527 aaa
895 3428 959 3547 ab,
979 3477 1032 3519 eor
1048 3457 1201 3538 omnium
1225 3457 1261 3522 el.

150 3583 236 3646 etiam
259 3578 331 3646 Gen.
350 3578 417 3672 Vll,
436 3577 491 3655 15,
511 3578 566 3655 16,
589 3578 640 3644 22.
671 3577 809 3646 Similiter
827 3581 843 3644 1
864 3577 943 3644 Sam.
960 3577 1028 3657 XV,
1046 3580 1102 3646 33:
1126 3576 1262 3684 hiddila,

91 3701 98 3720 ⁶
148 3706 230 3770 teter
251 3703 401 3769 medaea
436 3703 523 3778 Quod
544 3704 580 3768 de
602 3704 727 3770 naturali
750 3717 885 3791 serpente
906 3703 966 3770 lere
988 3704 1064 3772 idem
1087 3705 1144 3772 dici
1164 3719 1263 3793 petest

149 3825 220 3910 (les.
233 3826 326 3904 LXV,
344 3826 396 3894 25.
419 3827 488 3894 Mic.
501 3828 564 3905 Vll,
580 3824 644 3910 lt),
666 3828 697 3896 id
717 3829 870 3896 dumtaxat
892 3831 969 3900 valet
995 3831 1033 3897 ad
1054 3830 1163 3917 figurae
1185 3835 1262 3896 veri·

148 3966 238 4020 tatem
260 3952 471 4018 declarandam.
517 3953 619 4044 Neque
645 3957 720 4020 enim
748 3977 802 4041 pro
826 3955 924 4042 phallo
946 3968 1105 4042 poneretur
1132 3978 1261 4041 serpens,

147 4082 204 4144 uisi
225 4101 272 4144 res
295 4078 455 4164 significata
478 4101 543 4144 cum
566 4092 640 4166 typo
663 4093 797 4146 aceruate
820 4093 1001 4168 congrueret.
1049 4079 1109 4145 Sed
1130 4079 1261 4146 nondum

147 4206 276 4269 animm
304 4203 481 4269 advertimus
514 4203 552 4267 ad
585 4205 707 4272 alterum
738 4209 951 4294 imprecationis
982 4203 1145 4271 membrum
1175 4201 1259 4286 (Gen.

146 4329 193 4406 lll,
212 4324 283 4410 15).
329 4328 477 4417 Plerisque
499 4329 643 4416 theologis
665 4331 827 4417 perplacuit
848 4330 919 4394 haee
943 4328 1033 4394 verba
1055 4332 1095 4395 ita
1116 4333 1259 4418 interpre-

147 4458 204 4518 tari
225 4467 261 4520 ut
282 4454 444 4540 significent
465 4454 603 4520 infestum
626 4455 734 4531 odium,
757 4477 816 4542 quo
833 4451 966 4533 Satanas,
991 4459 1095 4520 veteris
1119 4461 1261 4543 serpentis

145 4581 254 4668 proles,
270 4583 446 4667 promissum
457 4581 604 4658 Messinm,
619 4580 746 4646 mulieris
762 4603 867 4658 semen,
884 4594 1094 4669 prosecuturus
1110 4595 1179 4648 crat.
1205 4582 1260 4657 Qui
1351 4573 1353 4578 ’

995 4683 1012 4739 ⁴
1018 4684 1032 4714 ἡ
