3166 5178
832 305 968 424 ιι

297 563 544 653 praedicationem
567 561 697 628 inducat.
735 561 819 626 Hanc
841 562 1112 645 interpretationem
1135 559 1290 624 confirmat
1312 574 1419 626 auctor

296 689 546 775 locupletissimus
565 686 602 751 D.
618 685 764 762 lacobus,
789 688 820 748 in
842 685 909 748 loco
934 687 1139 760 vexatissimo,
1166 687 1218 771 qui
1239 685 1298 748 levi
1319 697 1418 750 muta-

298 817 378 878 tione
407 815 449 878 sic
470 809 659 898 nefingendus
684 823 729 874 est
752 805 820 890 (Ν,
838 804 893 891 5):
922 803 1004 892 πρός
1027 806 1160 893 φθόνον
1182 805 1235 872 ἐπὶ
1257 803 1357 895 πόθῳ
1379 803 1417 874 τό

298 936 426 1021 compa
448 932 487 1000 οό
510 933 691 1022 κατῴκησεν
713 931 750 998 όν
772 930 859 1018 ἡμῖν.
897 932 1021 1021 Legitur
1042 930 1202 998 turmam
1219 946 1249 998 et
1271 932 1289 998 ὃ
1312 931 1419 1022 κατῴ-

298 1079 401 1146 κησεν.
448 1059 507 1125 Sed
536 1082 628 1147 quum
656 1081 742 1123 nemo
767 1057 864 1122 adhuc
887 1060 1033 1122 invenerit
1055 1055 1088 1122 S.
1113 1055 1284 1144 Scripturae
1306 1058 1416 1135 locum,

299 1209 359 1274 quo
394 1186 466 1249 haec
501 1187 644 1249 sententia
672 1185 851 1270 respexerit,
887 1194 917 1246 et
945 1201 1049 1246 versus
1078 1184 1120 1246 ita
1149 1182 1319 1247 emendatus
1350 1205 1418 1247 cnm

300 1309 372 1376 Gen.
389 1309 443 1386 Vl,
467 1307 504 1386 6,
526 1307 562 1385 3,
592 1308 645 1372 ubi
668 1307 749 1372 Deus
779 1306 887 1371 dicitur
917 1307 1049 1371 doluisse
1078 1308 1181 1371 ocimo
1210 1330 1265 1371 saco
1289 1302 1417 1411 (ΠΙῊἿ)
1520 1318 1522 1320 ’

298 1447 423 1523 propter
450 1433 617 1521 impudicos
647 1433 801 1498 hominum
831 1453 961 1508 amoreS,
993 1443 1021 1495 et
1049 1429 1160 1526 dixisse
1187 1425 1226 1496 od
1248 1425 1290 1515 μό
1315 1454 1419 1495 κατα-

298 1561 388 1650 μείνῃ
410 1551 447 1622 τό
469 1556 597 1640 πνεῦμά
617 1579 682 1640 μου
701 1555 737 1620 ἐν
751 1563 818 1631 τοϊς
834 1545 1163 1638 άνθριόποιςτοόιοις
1178 1553 1223 1630 εἰς
1237 1550 1295 1618 τόν
1311 1553 1419 1620 αἰῶνα

300 1681 355 1752 διὰ
382 1681 418 1748 τὸ
446 1683 530 1746 εἶναι
560 1673 679 1756 adnata
710 1675 831 1766 σάρκας
854 1675 914 1762 (ita
937 1682 1013 1744 enim
1035 1674 1148 1762 LXX.)
1172 1681 1322 1765 aptissime
1345 1702 1419 1744 con·

298 1821 401 1896 grum,
426 1820 455 1871 ct
476 1806 660 1871 commodam
677 1805 926 1894 significationem·
937 1801 1092 1891 praebeat:
1117 1816 1260 1891 »propter
1273 1803 1418 1868 invidiam

300 1932 441 1997 adversus
469 1930 619 1994 libidinem
649 1931 771 2015 spiritus
800 1951 861 1993 non
885 1928 1030 1994 habitavit
1051 1930 1083 1992 in
1105 1925 1228 2003 nobis«,
1259 1927 1332 1992 mihi
1355 1949 1419 1994 cer·

299 2059 445 2121 tissimum
467 2068 513 2120 est
533 2054 585 2119 tali
607 2056 771 2118 mutatione
794 2075 871 2138 opus
895 2075 968 2119 esse.
1005 2051 1101 2136 Quem
1123 2052 1234 2118 frustra
1254 2052 1418 2120 doctissimi

299 2181 434 2246 homines
460 2179 568 2245 sudent
593 2182 625 2243 in
647 2177 769 2265 vulgato
793 2177 968 2264 explicando
992 2177 1087 2242 discas
1111 2199 1149 2241 ex
1172 2181 1418 2242 commentatione

299 2305 428 2392 Zyronis
452 2299 611 2390 (Theolog.
629 2301 716 2368 Stud.
733 2323 764 2365 u.
780 2301 857 2366 Krit.
885 2299 979 2366 1840.
1003 2323 1054 2389 pp.
1071 2299 1137 2366 432
1154 2297 1244 2389 squ).
1277 2301 1317 2367 Et
1340 2324 1418 2388 quo-

299 2433 378 2494 niam
400 2429 585 2494 Wetstenius
616 2426 829 2492 demonstravit
851 2424 996 2490 Jacobum
1024 2448 1086 2490 non
1112 2448 1208 2512 panca
1229 2427 1417 2492 transtulisse

300 2576 338 2620 ex
365 2553 441 2619 libro
466 2553 647 2640 Sapientiae,
677 2555 704 2616 ei
732 2574 793 2616 non
822 2553 1004 2637 incognitum
1033 2563 1096 2614 erat
1116 2550 1198 2615 istud
1221 2551 1341 2616 effatum
1364 2547 1415 2633 (ll,

300 2674 472 2760 23-25):
507 2675 556 2742 ότι
584 2673 601 2740 ὃ
630 2670 712 2750 θεός
740 2669 926 2739 decedendo
953 2669 1137 2760 ἄνθρωπον
1165 2670 1218 2738 ἐπ’
1240 2669 1417 2760 ἀφθαρσίᾳ

300 2805 355 2866 καὶ
382 2800 491 2866 εἰκόνα
519 2803 574 2884 τῆς
602 2798 688 2874 idlae
716 2798 874 2884 ἰδιότητος
902 2797 1050 2883 ἐποίησεν
1078 2792 1193 2864 adeda·
1229 2797 1350 2886 φθόνῳ
1381 2798 1417 2864 ds

301 2922 459 3008 διαβόλου
487 2922 635 3000 θάνατος
661 2921 815 3008 εἴσηλθεν
844 2923 890 2998 εἰς
917 2917 975 2988 τόν
1003 2923 1136 3007 κόσμον,
1169 2923 1352 3007 πειράζοοσι
1380 2922 1417 2990 tt

300 3045 403 3116 αὐτόν
425 3045 457 3112 οἳ
479 3048 533 3133 τῆς
555 3047 677 3114 ἐκείνου
699 3047 828 3133 μερίδος
851 3045 948 3122 ὄντες.
983 3047 1050 3112 Jam
1073 3070 1143 3114 vero
1167 3062 1202 3114 ut
1225 3052 1267 3114 ait
1284 3049 1321 3113 D.
1337 3048 1432 3113 Pan-⁰

300 3176 346 3238 lus
371 3170 448 3256 (Gal.
465 3172 504 3250 V,
524 3168 577 3256 17)
601 3168 637 3238 τό
660 3173 788 3258 πνεῦμα
810 3171 970 3256 ἐπιθυμεῖ
988 3168 1071 3238 κατά
1095 3173 1148 3258 τῆς
1172 3167 1297 3258 σαρκός.
1334 3173 1415 3261 Engo
1451 3144 1453 3149 Ι

300 3296 336 3363 τὸ
360 3300 488 3382 πνεῦμα
511 3301 565 3361 καὶ
588 3293 607 3382 ᾗ
631 3293 711 3381 σάρξ
733 3296 924 3382 ἐπιφθόνως
948 3295 1134 3362 διάκεινται.
1178 3298 1218 3363 Et
1241 3319 1333 3385 quum
1355 3296 1417 3362 red-

300 3425 365 3498 θος
394 3445 427 3487 ca
456 3425 494 3488 sit
523 3421 683 3503 ἐπιθυμία
713 3416 829 3507 σαρκός
857 3443 932 3510 quae
959 3425 991 3486 in
1019 3393 1133 3488 sensuali
1161 3409 1260 3487 ainore
1281 3434 1417 3488 versatur

302 3543 350 3630 (cl.
373 3547 477 3634 Eurip.
502 3547 593 3634 Hipp.
618 3543 697 3612 536:
734 3543 813 3632 ἔρως
841 3543 861 3610 ὂ
889 3542 961 3609 κατ’
977 3539 1132 3629 ὀμμάτων
1154 3545 1275 3621 στάζεις
1297 3545 1416 3612 πόθον.

299 3671 364 3757 lph.
388 3670 426 3740 A.
454 3668 554 3736 1303:
583 3668 637 3733 dari
658 3669 757 3756 πόθφ
779 3670 933 3756 τρυφῶσα
956 3666 1109 3758 Κύπρις),
1139 3670 1271 3757 Spiritus
1293 3671 1348 3736 Dei
1370 3693 1417 3736 re·

301 3793 424 3862 cusabat
452 3795 602 3859 hominem
631 3793 796 3859 inhabitare
826 3790 908 3878 πρός
924 3793 1069 3880 φθόνον
1098 3793 1151 3858 ἐπὶ
1178 3790 1293 3881 πόθῳ,
1327 3799 1418 3882 »quia

293 3879 415 3983 libidini
443 3918 595 3983 invidebat
617 3919 664 3983 vel
693 3917 807 3983 inlenso
838 3919 907 3983 odio
932 3941 1060 3984 amorem
1084 3920 1233 3984 sensualem
1256 3940 1417 4007 proseque-

300 4043 420 4109 batur«
466 4044 653 4131 Praepositio
677 4037 758 4128 πρός
786 4043 864 4107 valet
886 4019 954 4132 ¹723
984 4043 1052 4108 vide
1074 4044 1181 4108 Matth.
1198 4041 1314 4122 XXIX,
1332 4041 1363 4108 8.
1388 4055 1417 4106 et

302 4167 337 4232 cl.
354 4168 484 4234 Fischer.
509 4168 547 4231 ad
563 4167 687 4232 Welleri
711 4166 761 4232 Gr.
777 4167 828 4244 lll,
846 4165 876 4230 2.
900 4190 930 4254 p.
948 4164 1022 4233 260.

389 4291 519 4358 Videbat
540 4296 632 4382 igitur
653 4295 762 4381 prioris
785 4291 940 4380 fragmenti
965 4305 1069 4358 auctor
1083 4291 1138 4358 Dei
1155 4295 1292 4379 spiritum
1307 4290 1417 4356 idcirco

302 4418 332 4480 in
355 4416 474 4481 homine
497 4439 612 4503 semper
636 4439 759 4505 regnare
781 4441 843 4484 non
866 4420 1017 4505 potuisse,
1046 4421 1116 4504 qnia
1138 4438 1206 4482 caro
1231 4428 1334 4484 contre
1356 4418 1419 4502 spi·
