3172 5186
773 363 984 474 Q

318 570 386 638 lecit
406 571 524 638 Psalmo
554 575 748 660 sexagesimo.
788 571 963 638 Maestiores
992 572 1056 638 illes
1086 571 1245 641 cantilenas
1272 574 1304 636 in
1327 571 1441 638 scholis

318 697 531 784 prophetarum
555 709 742 762 conservatas
767 719 846 774 esse,
874 710 904 761 et
924 700 1080 762 memoriae
1106 696 1237 776 traditas,
1262 697 1441 784 easdemque

316 822 472 908 plurimam
505 825 562 907 piis
596 821 766 887 hominibus
796 825 827 885 in
857 821 962 886 exsilio
993 835 1024 885 et
1051 820 1209 887 alilictione
1237 820 1439 898 versantibus,

316 948 352 1010 iis
380 949 552 1032 praesertim
582 949 633 1033 qui
655 944 810 1032 Babylone
834 944 971 1032 degentes
994 943 1130 1011 Psalmos
1155 943 1277 1010 Tsienis
1301 943 1442 1011 recorda·

316 1069 427 1136 bantur
443 1066 562 1153 (Psalm.
578 1068 760 1146 CXXXVII,
780 1067 806 1147 l,
820 1064 863 1152 5),
889 1071 1121 1135 consolationem
1136 1067 1324 1154 praebuisse,
1350 1092 1438 1135 neme

316 1207 361 1260 est
384 1198 456 1281 quin
479 1217 535 1281 pre
560 1217 590 1258 sc
613 1197 676 1281 ipse
698 1195 919 1258 animadvertat.
949 1193 1046 1260 Unum
1063 1207 1159 1258 tamen
1174 1191 1324 1280 proferam
1340 1216 1440 1260 exem·

314 1319 412 1408 plum,
436 1332 471 1383 ut
494 1319 603 1396 videas,
629 1340 716 1406 quam
741 1319 797 1383 alte
821 1318 944 1383 Davidis
961 1318 1051 1384 verba
1074 1321 1105 1382 in
1128 1319 1265 1384 exsulum
1287 1318 1438 1384 mentibus

314 1442 485 1520 insiderent,
511 1455 540 1508 et
563 1465 691 1530 quanam
713 1445 828 1508 ratione
850 1446 1034 1518 narrationes
1057 1442 1140 1506 fictas
1165 1443 1200 1508 de
1223 1446 1286 1508 suis
1302 1447 1439 1530 ipsorum

313 1566 402 1632 rebus
427 1589 465 1632 ex
494 1569 618 1653 poeticis
644 1571 718 1655 regii
741 1570 817 1632 vatis
840 1566 1043 1632 locutionibus
1066 1566 1226 1654 aliquando
1250 1568 1292 1632 illi
1316 1571 1439 1633 commi·

313 1693 505 1758 miscerentur.
546 1691 681 1756 Psalmus
701 1692 794 1769 LVll,
827 1695 892 1778 qui,
923 1695 948 1756 si
970 1691 1059 1756 titulo
1083 1691 1200 1770 credas,
1226 1705 1438 1759 commemorat

313 1815 436 1881 Davidis
460 1820 633 1882 maestitiam
657 1839 750 1904 quum
772 1819 803 1880 in
826 1816 976 1902 spelunca,
1002 1815 1085 1881 Sauli
1108 1817 1221 1882 vitandi
1245 1839 1342 1895 causa,
1370 1818 1438 1883 lati-

314 1952 398 2019 taret,
422 1944 557 2007 miscram
580 1941 673 2006 futuri
696 1944 774 2029 regis
791 1939 990 2006 conditionem
1006 1945 1139 2007 oratione
1155 1941 1294 2008 audacter
1308 1943 1437 2030 figurata

313 2067 356 2130 sic
379 2069 519 2152 exprimit
543 2061 584 2148 (v.
602 2062 651 2148 5):

352 2203 487 2262 Versatur
507 2205 579 2263 inter
599 2205 692 2262 leones
712 2205 772 2263 vite
792 2222 866 2276 mea,
891 2205 964 2262 inter
983 2207 1061 2280 c'pees
1073 2202 1257 2282 flammantes
1278 2223 1329 2281 ego
1352 2204 1434 2276 cubo,

351 2310 425 2368 Inter
444 2310 586 2384 homines,
615 2329 733 2387 quorum
760 2311 855 2370 dentes
883 2313 989 2388 spicula
1016 2322 1083 2370 sunt
1106 2323 1134 2370 et
1154 2315 1286 2388 sagittae,
1314 2330 1434 2388 quorum

411 2411 412 2417 '
846 2420 942 2494 lingua
962 2420 1070 2496 gladius
1092 2429 1136 2476 est
1157 2431 1265 2477 acutus.

377 2563 465 2630 Hunc
488 2565 638 2629 Psalmum
661 2563 744 2628 facile
769 2564 870 2630 credas
894 2566 1011 2631 exsules
1034 2565 1101 2630 illos
1124 2564 1278 2652 Babylone
1302 2586 1434 2630 commo·

310 2702 409 2756 rantes
432 2693 508 2754 inter
524 2701 627 2754 cantus
645 2689 765 2754 Tsienis
789 2693 920 2768 iterasse,
944 2701 979 2756 ut
1002 2712 1071 2755 suas
1094 2693 1189 2778 ipsius
1207 2694 1339 2754 miserias
1354 2689 1434 2754 relli-

309 2817 396 2901 giosa
418 2836 470 2900 spe
494 2814 728 2878 consolarentur.
763 2814 805 2879 At
828 2817 947 2880 serioris
971 2818 1035 2880 aevi
1059 2814 1164 2894 scriba,
1188 2837 1280 2902 quum
1298 2813 1334 2878 de
1348 2815 1433 2901 prin·

311 2941 409 3024 cipum
424 2937 606 3004 ludaeorum
630 2938 686 3003 sub
709 2936 956 3004 Nebucadnezare
980 2954 1010 3005 et
1031 2940 1123 3005 Dario
1146 2939 1284 3026 periculis
1308 2950 1339 3004 et
1358 2937 1433 3004 libe-

309 3061 475 3126 rationibus
504 3063 660 3128 historiam
689 3065 922 3152 qualemcunque
951 3064 1176 3154 excogitandam
1203 3065 1335 3152 putavit,
1366 3063 1431 3127 illas

308 3185 431 3251 Devidis
454 3189 653 3275 metaphoras,
677 3210 753 3275 quae
777 3192 908 3254 universi
931 3190 1048 3254 exsules
1064 3203 1206 3276 tanquam
1221 3187 1278 3254 sibi
1292 3190 1431 3275 proprias

308 3310 513 3388 vindicabant,
542 3316 573 3378 in
602 3324 792 3401 portentosas
808 3289 1006 3380 'narrationes
1030 3315 1185 3402 explicuit,
1215 3326 1245 3380 et
1268 3333 1360 3401 quum
1383 3334 1432 3376 ca-

307 3436 433 3502 lumnias
446 3437 682 3524 Babyloniorum
698 3453 948 3518 commemoraret,
967 3440 1117 3505 Danielem
1133 3439 1250 3526 quidem
1267 3441 1298 3502 in
1309 3437 1432 3502 leonum

307 3561 423 3626 foveam
436 3562 642 3627 dimittendum
653 3559 741 3645 (Dan.
749 3565 799 3641 Vl,
811 3561 874 3648 17),
888 3565 1095 3631 Shadrachum
1107 3577 1203 3630 autem
1216 3576 1246 3628 et
1256 3562 1430 3629 Meshacum

287 3699 336 3769 'et
350 3685 583 3774 Abednegonem
606 3691 636 3752 in
660 3688 808 3754 fornacem
832 3690 981 3756 ardentem
1005 3687 1186 3775 abjiciendos
1210 3685 1298 3771 (Dan.
1313 3688 1359 3765 lll,
1373 3683 1430 3770 21)

308 3813 430 3876 curavit.
476 3810 525 3876 Ex
553 3825 659 3878 natura
687 3817 730 3878 rei
759 3815 879 3894 accidit,
910 3829 945 3880 ut
973 3811 1149 3902 scriptiones
1175 3816 1273 3900 primo
1303 3815 1430 3900 privatis

305 3935 411 4000 usibus
436 3935 596 4000 destinatae
626 3939 779 4031 paullatim
807 3943 838 4003 in
860 3940 969 4028 vulgus
992 3939 1153 4027 prodeant,
1183 3936 1278 4002 donec
1298 3959 1353 4025 per
1377 3958 1430 4002 ora

307 4063 439 4126 virorum
456 4062 596 4141 volitent;
621 4064 703 4150 quod
718 4064 854 4153 equidem
870 4067 988 4130 canticis
1006 4064 1062 4130 illis
1079 4062 1201 4130 Davidis
1217 4064 1430 4149 poenitentiam

307 4197 336 4250 ct
364 4185 509 4273 abjectum
545 4190 674 4254 animum
704 4189 919 4255 declarantibus
950 4212 1009 4256 usu
1038 4193 1154 4254 venisse
1181 4185 1319 4254 arbitror.
1368 4185 1431 4252 Sed

308 4312 424 4376 minime
454 4313 612 4379 concludas
642 4313 709 4380 inde
738 4314 811 4380 tales
834 4314 969 4380 Psalmos
999 4317 1147 4403 principio
1175 4317 1207 4378 in
1234 4313 1431 4380 Jasharanam

307 4435 441 4524 syllegen
467 4439 573 4504 relatas
603 4459 681 4516 esse,
711 4451 745 4505 ut
773 4461 848 4527 quae
876 4439 1012 4534 publicae
1034 4443 1199 4506 recitationi
1223 4438 1430 4506 accommoda-
