3172 5186
613 329 825 445 „ooo-

162 543 208 620 τίς
231 535 315 609 αὐτοὶ
338 541 524 628 συνήγαγεν,
547 539 598 606 δτι
618 537 660 628 μὴ
678 538 795 626 δεσμδς
810 545 921 626 τρίτος,
944 537 1062 629 ἔροιτυς
1083 545 1137 606 καί
1152 539 1272 606 ionem

161 671 245 753 μίας,
260 661 420 755 δρηοιίσης
434 672 489 733 καὶ
504 666 757 753 δυναστευούσης
771 665 902 753 ηδτνῆςς
925 667 967 753 ἣν
983 664 1180 752 συμβολικῶς
1195 665 1271 749 ὄφιν

162 787 312 877 α’νδμασε
326 792 434 881 (Lapis
448 795 632 880 Allepooior.
648 794 687 868 11,
703 817 735 880 p.
747 791 821 858 220.
845 789 989 872 Pseiller).
1017 793 1056 858 Et
1077 795 1164 858 tertio
1180 791 1272 860 libro:

161 919 348 1006 Παρατήρει
372 917 408 984 δ’
430 917 479 984 ὅτι
500 911 518 982 ὅ
542 922 602 1004 μὲν
629 913 710 1005 ἀνὴρ
734 916 818 998 λέγει
844 912 902 1003 την
929 925 1064 997 γυναίκα
1088 916 1272 994 δεδωκέναι,

161 1042 180 1131 'l
204 1044 243 1109 δὲ
261 1038 340 1130 γυνη
365 1038 437 1126 οὐχί
459 1039 516 1107 τδν
538 1041 617 1128 ὄφιν
640 1041 831 1119 δεδωκέναι,
854 1038 939 1108 ἀλλὰ
960 1037 1164 1129 ἧπατηκέναι.
1186 1043 1272 1110 ἴδιον

160 1165 222 1257 γὰρ
240 1164 422 1254 αἰσθήσεως
431 1172 491 1254 μὲν
504 1163 541 1233 τὰ
554 1167 692 1245 διδόναι,
703 1165 819 1254 ἡδονῆς
828 1166 865 1233 di
881 1168 935 1252 τῆς
945 1165 1089 1253 ποικίλης
1102 1172 1156 1232 καλ
1168 1165 1272 1254 dorol-

162 1294 238 1371 δους
251 1290 288 1360 ad
304 1290 435 1360 ἀπατᾶν
445 1297 500 1358 καλ
513 1291 782 1380 παρακρούεσθαι
788 1292 1086 1380 (Βομιὲεκίίίοφονίον.
1093 1295 1137 1371 Ill,
1145 1317 1174 1381 p.
1183 1294 1270 1379 278).

159 1420 198 1486 tte
217 1421 322 1486 similia
344 1419 379 1486 de
402 1423 602 1485 exsecratione
619 1422 762 1506 serpentis
784 1415 933 1506 (paoli).
965 1417 1046 1502 Quae
1069 1423 1270 1508 omniaquum

160 1545 285 1632 aliquam
311 1549 394 1610 inse
418 1547 567 1610 veritatem
592 1543 728 1622 habeant,
753 1557 848 1608 tamen
873 1544 910 1608 ad
933 1547 1066 1609 intimum
1093 1549 1270 1611 narrationis

159 1691 277 1734 sensum
300 1693 360 1735 non
383 1673 501 1756 penitus
524 1669 704 1735 descendunt
727 1691 779 1734 nee
797 1669 913 1758 singula
928 1669 1083 1758 allegoriae
1098 1671 1270 1736 lineamenta

159 1797 310 1884 ingeniose
332 1795 528 1884 distinguunt.
552 1795 592 1860 Ut
606 1794 742 1860 rideatur
756 1794 843 1859 Philo
866 1807 961 1858 mente
984 1808 1012 1860 et
1028 1799 1205 1884 rogitatione
1223 1819 1271 1862 as-

159 1934 277 1986 secutus
294 1943 356 1987 esse
370 1925 483 2009 peceati
494 1921 644 2009 originalis
656 1931 800 1998 naturam,
815 1941 905 2008 quum
917 1933 1014 1984 tammo
1026 1925 1188 1987 versionem
1201 1921 1271 1988 nte·

159 2045 342 2124 xandrinaro‚
366 2049 466 2134 potius
482 2069 570 2134 quam
586 2059 700 2112 textum
715 2045 956 2120 Masorethieum‚
980 2045 1114 2112 manibus
1131 2061 1270 2124 versaret,

159 2171 251 2236 multa
272 2193 425 2260 perperam
452 2173 612 2250 intellexit,
635 2192 710 2260 quae
732 2170 820 2236 nohis
842 2174 1000 2260 perspicua
1023 2194 1086 2239 esse
1108 2171 1269 2261 oportebit.

409 2371 455 2452 lll.
486 2383 670 2452 ctltttttts
693 2382 1015 2452 ALEXANDRINUS.

246 2544 376 2634 Lapsnm
404 2548 490 2634 primi
523 2547 650 2612 hominis
679 2545 717 2612 ad
746 2546 928 2634 voluptatem
955 2547 1059 2614 οσοαλε
1086 2544 1269 2614 referendum

158 2693 231 2748 osse,
247 2670 348 2736 lesum
371 2683 467 2738 antem
488 2694 582 2738 earne
603 2685 755 2760 assumpta
775 2672 932 2738 οατυοίυυκ
953 2673 1031 2738 illam
1053 2672 1203 2740 libidinem
1218 2675 1270 2740 de·

158 2800 272 2873 vicisse,
297 2797 402 2863 diserte
425 2797 552 2864 declarat
571 2795 704 2864 Clemens
720 2797 939 2864 Alexandrinus
956 2795 1090 2881 (Colore.
1107 2800 1151 2865 ed
1166 2811 1270 2888 peotes

157 2922 216 3000 xl,
239 2945 269 3010 p.
291 2920 344 2988 86.
367 2919 509 3004 Potter.);
539 2926 580 2988 ait
602 2927 695 2988 enim:
721 2916 739 2989 δ
763 2922 888 3009 πρῶτος
909 2921 964 2989 ὅτε
986 2921 1075 3008 [μὲν]
1098 2922 1135 2990 έν
1162 2947 1271 3010 παρα-

160 3047 254 3136 δείσῳ
277 3044 385 3123 ἔπαιζε
402 3046 581 3132 λελυμένος,
598 3046 650 3114 ὅτε
666 3048 703 3116 δὲ
718 3046 892 3119 ὑπέπιπτεν
912 3047 1027 3143 ἡδονῇ·
1052 3048 1083 3134 [ὁ
1098 3045 1176 3134 γὰρ]
1193 3047 1270 3136 ὄφις

157 3170 380 3259 δίλημορείται
394 3171 510 3260 ἡδονή·
532 3175 690 3261 παρήγετο
706 3173 894 3260 ἐπιθυμίαις
909 3170 927 3241 d
942 3185 1027 3254 παίς,
1043 3173 1270 3263 ἅνδριζδμενυς

158 3295 314 3380 ἀναιδείᾳ
335 3333 376 3346 -
397 3296 468 3366 οίον
494 3303 622 3382 ἴσχυσεν
648 3297 767 3387 idonei!
796 3298 814 3366 i
838 3300 886 3366 δι’
910 3293 1075 3388 δπλότητα
1098 3300 1270 3387 λελυμένος

157 3424 349 3510 ἄνθρωπος,
377 3421 548 3512 ἁμαρτίαις
575 3422 694 3510 εὕρέθη
723 3424 901 3512 δεδεμένος.
927 3431 994 3492 τῶν
1022 3426 1147 3509 δεσμῶν
1175 3426 1270 3493 λῦσαι

157 3551 269 3617 τοῦτον
292 3547 310 3614 ὁ
333 3545 449 3636 Κύριος
477 3547 578 3628 αὖθις
599 3548 773 3639 η’θέλησεν,
795 3554 850 3616 καὶ
873 3555 966 3635 σαρκὶ
988 3551 1134 3628 λνδεθιλς
1155 3545 1269 3618 τοῦτον

157 3672 213 3742 τὸν
234 3673 311 3763 ὄφιν
332 3674 521 3763 ἐχειρώσατο
545 3672 677 3744 καὶτὸν
703 3677 861 3762 τύραννον
883 3673 1095 3755 ἐδουλώσατο,
1117 3672 1175 3743 τὸν
1197 3674 1269 3744 θά-

157 3823 271 3880 νατον,
294 3805 349 3868 καὶ
370 3801 493 3868 ἐκείνου
518 3798 577 3869 τὸν
598 3798 780 3888 ἄνθρωπον
807 3798 865 3869 τὰν
885 3803 923 3894 τῇ
951 3804 1069 3890 φθορᾷ
1097 3802 1270 3887 δεδεμένον

156 3930 264 4012 χερσὶν
285 3924 490 4013 ἢπλιυμέναες
512 3927 614 4009 ἔδειξε
637 3927 824 4013 λελυμένον·
848 3927 987 3994 κέκλιται
1014 3933 1074 4012 μέν
1101 3927 1118 3994 ὃ
1142 3926 1268 4016 ίίιίριος,

157 4049 272 4139 ἀνέστη
288 4052 326 4120 δὲ
339 4050 527 4140 ἅνθρωπος,
551 4059 605 4120 καὶ
621 4051 639 4121 ὃ
654 4053 689 4119 da
711 4053 912 4142 παραδείσου
934 4049 1041 4120 πεσδν
1055 4054 1163 4140 μεῖζον
1184 4053 1269 4122 ὕπα-

157 4179 231 4265 κοῆς
253 4172 365 4246 ἆθλον
387 4175 546 4268 οδρανοδς
568 4177 802 4265 ἀπολαμβάνει.
845 4180 924 4246 Idem
952 4195 1053 4248 monet
1075 4179 1201 4262 (Seram.
1221 4183 1268 4261 ΙΙΙ,

156 4328 186 4394 p.
203 4303 279 4371 554.
301 4303 428 4388 Potter.)
452 4310 567 4394 venisse
590 4305 778 4373 servatorem
800 4305 845 4385 είς
859 4300 935 4382 τους
949 4304 1213 4392 πεπλανημένους
1226 4303 1269 4372 roi

157 4426 318 4517 νοήματα·
341 4427 366 4494 δ
387 4426 427 4518 δὴ
451 4431 485 4498 ίκ
512 4431 568 4518 τῆς
590 4427 672 4497 κατὰ
692 4427 754 4508 ’τδς
775 4427 908 4509 έντολδς
937 4431 1102 4519 παρακοῆς
1124 4429 1270 4522 ἐφθάρη,
