3164 5176
676 331 751 404 263

151 563 218 606 raes
248 561 354 606 currus
381 544 412 606 in
441 563 533 606 unum
562 542 660 608 locum
684 555 844 629 congregat
869 579 904 590 -
931 539 1015 635 Sisra
1038 544 1128 610 aciem
1151 546 1273 610 insuerit

74 637 77 640 Ι
156 702 192 714 -
211 663 296 730 Sisra
324 665 457 730 devictus
484 666 561 753 legit
584 701 619 714 -
644 664 745 730 Sisrae
767 688 862 743 mors,
895 687 970 754 quae
992 666 1103 734 bellum
1125 668 1270 745 finiverat,

151 790 270 858 lahelae
292 791 367 854 male
389 790 467 854 illam
491 789 610 877 quidem
633 788 816 856 conciliatam
830 784 851 870 ¹)
875 791 999 877 gloriam
1022 793 1152 858 inchoat.
1192 792 1273 876 Quid

150 913 292 1002 quaeris?
321 913 404 980 Sisra
426 917 496 991 iste,
527 937 588 980 non
610 913 750 992 labinus,
777 935 935 1001 personam
959 919 1078 1002 tyranni
1100 917 1213 994 induit,
1243 929 1273 982 et

150 1038 275 1104 Jabinus
299 1043 352 1104 vix
374 1051 427 1104 ant
449 1061 485 1103 ne
503 1042 555 1104 vix
578 1037 697 1126 quidem
720 1042 751 1104 in
774 1061 889 1104 scenam
913 1038 1024 1126 prodit.
1061 1039 1120 1122 Qui
1143 1044 1271 1106 criticam

149 1164 291 1230 historiae
321 1163 495 1230 methodum
518 1163 698 1250 experiendo
722 1167 894 1240 tentaverit,
924 1167 950 1228 is
972 1163 1107 1252 prolecto
1130 1188 1193 1231 non
1215 1165 1272 1232 du·

148 1287 272 1365 bitabit,
297 1291 369 1374 quin
392 1287 526 1364 labinus,
552 1290 571 1352 i.
590 1311 615 1354 e.
640 1293 723 1391 Γᾷ),
749 1285 925 1375 »prudens«
949 1290 1159 1377 »intelligens«
1182 1311 1272 1378 gene·

148 1413 209 1478 rale
233 1425 312 1480 esset
337 1434 459 1490 nomen,
490 1416 552 1478 sive
581 1415 710 1500 patrium
737 1435 790 1478 seu
813 1417 915 1501 potius
940 1415 1109 1502 epitheton,
1140 1419 1272 1480 emnium

147 1540 279 1626 regionis
309 1535 514 1606 Canaaniticae
543 1559 657 1626 regum.
704 1538 818 1604 Eodem
845 1539 936 1604 modo
965 1541 1132 1606 invenimus
1161 1541 1271 1606 multos

148 1675 281 1728 veterum
314 1661 533 1750 Aegyptiorum
567 1662 765 1745 Pharnaces,
804 1662 1035 1730 Philistaeorum
1067 1664 1270 1747 Adimelelcos,

149 1785 508 1875 Graeco-Aegyptiorum
541 1787 749 1871 Ptolemaeos,
788 1787 1025 1875 Babyloniorum
1061 1788 1270 1878 Lobyoaetoa‚

150 1909 362 1998 Cappadocum
384 1911 620 1995 Amarae-atheo,
651 1913 845 1978 Ponticorum
869 1912 1094 1996 Metrodorus,
1123 1912 1271 2000 Syrorum

147 2035 407 2102 Bou-Hadcdos.
448 2015 488 2104 El
516 2059 609 2124 quum
631 2036 756 2102 Jabinus
785 2038 833 2102 illc
856 2059 988 2104 summus
1013 2041 1099 2125 quasi
1127 2051 1210 2104 muta
1233 2041 1272 2104 sit

148 2163 240 2248 hujus
269 2163 411 2228 historiae
441 2183 584 2248 persona,
619 2165 728 2227 rationi
759 2176 989 2229 consentancum
1019 2176 1096 2230 esset
1123 2162 1269 2240 arbitrari,

150 2285 262 2354 Sisram
289 2299 513 2373 procuratorem
543 2286 633 2352 luisse
656 2289 815 2364 vicarium,
846 2290 897 2373 qui
926 2290 1089 2353 mixtorum
1116 2287 1271 2354 hominum

148 2414 331 2499 provinciam
353 2415 494 2499 principis
519 2415 637 2477 nomine
661 2409 899 2487 administrabat,
928 2410 1084 2497 colligebat
1107 2410 1268 2496 vectigalia,

149 2550 178 2602 et
205 2557 297 2623 pensa
319 2539 397 2602 vitto
421 2536 536 2622 populo
560 2535 692 2600 facienda
714 2533 895 2623 imponebat.
934 2533 1016 2617 Quae
1040 2538 1138 2600 omnia
1162 2537 1269 2600 certius

149 2661 297 2728 eliciamus
324 2661 391 2725 lieet
419 2664 576 2727 enominc
604 2661 661 2726 loci
690 2660 768 2726 illius
797 2660 850 2724 ubi
879 2660 977 2726 sedem
1006 2659 1270 2726 administrationis

149 2784 277 2852 habebat
292 2784 385 2852 Siara.
415 2783 540 2852 Ubinam
564 2788 621 2853 sita
644 2785 734 2850 luerit
755 2785 805 2850 illa
829 2785 910 2862 urbs,
935 2807 1010 2872 quae
1033 2789 1065 2850 in
1083 2807 1167 2850 sacro
1183 2797 1270 2850 textu

149 2903 252 3003 nahar]
274 2902 394 3016 ughis}
417 2910 592 2996 appellatur,
617 2914 725 2976 nemini
748 2910 847 2976 adhue
869 2922 1053 2998 compertum
1069 2923 1122 2975 est.
1153 2908 1269 2978 Nemini

148 3049 246 3102 umen
275 3004 410 3122 ignotum
435 3057 498 3100 esse
523 3034 622 3112 debet,
654 3034 729 3123 quid
756 3057 863 3102 nomen
892 3035 974 3102 urbis
998 3036 1152 3124 significet.
1193 3033 1270 3100 Nam

148 3159 272 3226 verbum
295 3156 397 3262 illm,
428 3159 513 3246 quod
540 3159 667 3226 radicem
689 3160 771 3226 verbi
801 3161 953 3246 χαράσσω
982 3160 1115 3238 exhibet,
1147 3161 1270 3228 denotat

150 3285 354 3372 »insculpsit«
378 3283 558 3350 »fabricatus
582 3297 663 3363 est3«
688 3299 717 3350 ct
732 3307 840 3350 nomen
855 3284 1027 3350 femininum
1042 3277 1175 3391 ΠΨὊ,
1200 3286 1269 3352 iude

149 3410 329 3488 derivatum,
353 3408 751 3497 sunrfiuesaereeaoeem
765 3411 920 3494 liquontia
935 3410 981 3473 vu
997 3381 1269 3495 antaeus-ouer

148 3557 220 3600 vero
249 3535 466 3620 explanationis
490 3534 537 3598 vel
567 3534 746 3600 delinitionis
777 3535 873 3620 gratia
904 3532 1023 3598 additur
1045 3525 1161 3625 hiladi,
1191 3533 1267 3599 idem

149 3659 386 3746 supplementum
420 3662 551 3725 invenies
586 3662 617 3724 in
652 3661 771 3724 nomine
799 3660 968 3744 provinciae
998 3656 1155 3736 Galilaeae,
1191 3680 1268 3745 quae

225 3934 245 3997 ¹)
274 3929 410 4002 Sopbiatac
433 3929 471 3986 illi
496 3931 670 3995 oxonienses,
696 3931 754 4001 qui,
782 3947 860 4000 quum
885 3937 975 4001 quater
998 3947 1064 3986 aeno
1087 3939 1128 3986 tot
1152 3939 1177 3987 et
1198 3938 1267 3988 tanta

148 4029 337 4084 Christianismi
356 4038 487 4102 praecepta
500 4028 604 4092 violent,
624 4036 708 4083 tamen
727 4029 870 4102 διεγείρειν
881 4031 911 4082 ἔν
924 4027 1070 4102 ὑπομνήσει
1085 4028 1130 4096 τὴν
1141 4033 1267 4100 εἰλικρίνη

148 4128 273 4182 διάνοιαν
289 4127 451 4197 profitentur,
475 4129 560 4181 neseio
580 4127 620 4179 cni
639 4126 703 4180 vitio
722 4133 866 4191 verterunt,
891 4125 960 4197 qnod
979 4125 1027 4179 boe
1045 4126 1149 4181 Jabelae
1167 4127 1266 4180 facinus

147 4225 310 4296 improbaret.
344 4225 478 4296 Perperam
502 4227 525 4279 ie
545 4241 604 4278 sane
623 4240 719 4279 sacram
739 4223 895 4295 Scripturam
913 4225 1109 4295 interpretatur,
1133 4226 1177 4295 qui
1195 4239 1266 4277 men-

149 4323 262 4387 dacium,
286 4321 431 4393 pcrlldiam,
455 4323 556 4379 crudele
575 4323 725 4378 dormientis
743 4323 854 4394 hospitis
872 4322 1050 4387 homicidium,
1069 4321 1124 4376 Deo
1142 4323 1192 4392 ipsi
1210 4320 1265 4392 pla·
1370 4371 1376 4383 ,

148 4421 232 4476 auiam
251 4421 387 4476 existimat
