3164 5176
748 337 950 448 Q

294 543 335 631 (v.
353 543 386 630 9)
409 561 555 624 recurrat,
579 546 632 612 ubi
655 569 741 612 nemo
766 546 902 612 dubitare
924 560 1025 633 potest
1048 547 1083 612 dc
1107 545 1322 635 significatione
1345 567 1416 633 par·

292 676 385 758 ticipii
414 665 509 776 ΡΡΠ,
541 672 623 759 quod
653 674 732 737 valet
761 672 934 758 »judicans«
961 675 981 735 i.
1005 694 1030 736 e.
1054 673 1212 760 peinceps.
1259 669 1415 736 Sententia

293 801 385 884 igitur
407 798 479 862 baec
501 810 560 862 cst:

476 941 577 1007 »Quod
587 940 697 1015 judices
708 941 874 1016 judicabant
888 944 917 1000 in
932 942 1024 1012 Israel,

477 1049 557 1116 Quod
571 1051 690 1126 populus
705 1051 889 1108 voluntariam
904 1051 1029 1108 militiam
1044 1047 1186 1124 professus
1202 1059 1252 1118 est,

878 1156 1001 1214 Laudate
1016 1155 1180 1214 dehoram«

293 1295 387 1360 Nemo
417 1309 514 1360 autem
543 1295 641 1360 adhuc
663 1295 752 1374 vidit,
783 1294 936 1383 quomodo
965 1265 1038 1360 hacc
1064 1297 1209 1360 sententia
1231 1316 1297 1358 eum
1321 1296 1415 1381 signi-

293 1423 429 1486 ficatione
458 1421 565 1485 radicis
589 1428 677 1524 9¹15,
707 1420 853 1509 quadrare
876 1423 982 1507 possit.
1029 1417 1071 1484 Ut
1092 1419 1164 1484 mibi
1188 1419 1308 1505 quidem
1331 1419 1416 1482 vide-

295 1560 352 1623 tur,
376 1549 515 1633 primaria
538 1545 630 1631 hujus
656 1549 737 1611 vocis
753 1546 927 1634 significatio
944 1559 1003 1610 est:
1027 1542 1170 1608 »liberare
1186 1544 1326 1622 amalo«,
1350 1547 1371 1608 i.
1388 1567 1413 1608 e.

295 1667 440 1735 ἀπὸτοῦ
468 1678 533 1774 15¹2.
579 1670 713 1736 Verbum
736 1673 827 1758 igitur
851 1670 916 1735 vult
939 1670 985 1735 vel
1001 1669 1181 1734 tramitem
1198 1691 1356 1754 poenaeue
1380 1681 1416 1732 ut

294 1800 325 1860 in
347 1797 483 1862 Ezclricle
498 1795 608 1873 XXIV,
629 1793 684 1860 lde
714 1803 817 1900 mli
840 1769 912 1866 tib:
941 1795 987 1859 vel
1011 1793 1195 1858 »concedere
1212 1804 1416 1879 peccatorum

293 1921 526 2005 imparitatem«
551 1933 579 1984 et
602 1922 699 1985 »dere
714 1921 898 1996 licentiam«,
924 1918 1002 1983 unde
1025 1923 1116 2020 {5555
1132 1917 1308 1984 »effrenus«.
1337 1917 1416 1984 Hinc

295 2030 393 2108 variae
415 2045 637 2120 translationes,
668 2048 699 2109 in
722 2067 840 2110 sensum
862 2044 999 2119 laxandi,
1030 2041 1180 2118 solvendi,
1210 2042 1360 2120 nudandi,
1386 2056 1416 2107 ct

252 2259 255 2266 Ι
295 2189 370 2256 quae
394 2181 465 2233 sunt
486 2169 600 2232 similia.
644 2169 709 2234 Jam
732 2192 803 2233 vero
822 2169 935 2254 judex,
961 2171 1013 2255 qui
1036 2166 1147 2232 dirimit
1168 2168 1262 2245 litem,
1287 2171 1416 2253 imponit

294 2293 447 2369 mulctam,
472 2315 560 2380 quam
585 2315 677 2381 quum
700 2316 768 2358 rcus
793 2295 967 2371 exsolverit,
993 2294 1030 2359 ab
1046 2296 1110 2360 aliis
1125 2295 1231 2382 poenis
1246 2293 1324 2358 illico
1340 2291 1416 2356 liber

296 2431 349 2482 est.
394 2417 464 2482 Inde
495 2417 598 2484 Graeci
632 2418 862 2485 satisfactionem
891 2441 947 2506 pro
977 2419 1063 2507 culpa
1093 2417 1186 2503 δίκην
1215 2383 1413 2504 appellabant,

294 2545 314 2607 i.
331 2565 356 2607 e.
380 2565 461 2608 »rem
484 2543 614 2629 ejusdem
638 2547 755 2630 pretii«.
798 2544 838 2608 Et
859 2544 988 2609 Romani
1011 2567 1077 2610 eum
1101 2547 1152 2631 qui
1177 2541 1305 2608 debitam
1327 2544 1416 2606 satis-

294 2666 450 2734 factionem
480 2671 593 2754 argenti
622 2668 753 2754 ponderc
783 2667 957 2734 aestimabat
983 2670 1183 2760 poeti-ficem
1210 2664 1415 2754 appellabant3

295 2794 347 2878 qui
369 2805 467 2856 autem
491 2814 599 2878 corpus
622 2791 765 2878 puniebat
783 2795 985 2885 carnificem·
1020 2788 1138 2900 t'tlit'25
1154 2796 1246 2882 igitur
1260 2792 1307 2856 vel
1324 2789 1417 2856 Grac·

296 2937 397 2980 curum
421 2915 636 2992 δικασπόλους
651 2917 697 2982 vel
713 2917 918 2982 Romanorum
936 2920 1102 3010 pontifices
1124 2923 1155 2982 in
1177 2920 1347 2982 memoriam
1368 2938 1416 2980 re·

295 3053 397 3116 vocat3
412 3043 431 3103 i.
446 3062 471 3104 e.
488 3041 534 3104 vel
546 3041 749 3106 Hebraeorum
764 3038 904 3136 5³55&
922 3044 968 3108 vel
980 3043 1268 3130 Carthaginiensium
1281 3037 1415 3127 Susctee

241 3245 244 3254 .
295 3185 369 3250 quac
393 3167 512 3228 nomina
535 3165 573 3229 ad
596 3166 716 3231 eandem
734 3139 891 3252 judicandi
913 3171 1066 3234 notionem
1087 3167 1266 3232 reseruntur.

384 3313 432 3353 vv.
450 3288 480 3366 ll,
498 3289 528 3356 5.
565 3290 655 3373 Quod
676 3292 810 3379 plerique
833 3315 934 3358 omncs
958 3295 1155 3359 recentiorum
1173 3289 1355 3355 arbitrantur
1370 3291 1416 3352 in·

294 3426 456 3500 terpretum
480 3415 615 3480 versibus
640 3430 747 3503 quarto
771 3431 801 3481 et
824 3421 928 3505 quinto
953 3417 1079 3483 describi
1103 3417 1262 3481 adventum
1282 3413 1416 3479 deborae

295 3540 437 3604 auxilium
457 3554 560 3604 uonna
576 3539 689 3606 Sisram
704 3541 832 3617 icrentis,
858 3564 919 3606 cam
937 3545 1107 3628 opinionem
1122 3542 1225 3606 salsam
1242 3561 1315 3616 csse,
1338 3541 1417 3603 inter

295 3664 349 3728 alia
374 3668 471 3751 arguit
494 3666 577 3729 locus
600 3668 655 3728 iste
678 3666 835 3753 parallelus
850 3665 960 3730 Psabni
976 3667 1111 3742 LXVIII,
1129 3665 1159 3744 8,
1177 3663 1207 3732 9.
1246 3662 1331 3729 Unde
1355 3661 1418 3726 col·

294 3789 377 3876 ligas,
402 3793 433 3853 in
455 3802 584 3876 utroque
599 3790 666 3854 loco
682 3791 834 3878 magnifice
850 3790 969 3879 depingi
985 3791 1139 3856 sublimem
1155 3791 1234 3862 illam
1248 3792 1279 3854 in
1296 3788 1414 3852 deserto

295 3913 536 4002 Theophaniam‚
562 3937 650 4002 quam
673 3916 721 3979 bic
745 3915 782 3979 ad
805 3915 906 3982 laudes
930 3915 1062 3980 deborae
1085 3919 1117 3981 in
1138 3937 1245 4003 genere
1264 3911 1416 4001 augendas

293 4042 410 4126 poetria
438 4042 580 4105 citaverit.
626 4040 659 4104 ln
689 4064 749 4106 uno
777 4041 948 4106 Kennicotti
978 4040 1077 4106 codice
1107 4035 1210 4122 (136)
1239 4038 1416 4104 clausulam:

294 4169 365 4268 Uli?
388 4170 473 4268 553
502 4170 676 4269 filistiim,
708 4169 814 4230 »etiam
837 4164 931 4230 nubes
956 4166 1141 4230 destillarunt
1164 4186 1293 4250 aquas«,
1326 4166 1417 4228 omis·

294 4311 356 4355 sam
379 4260 443 4354 esso
466 4294 641 4356 invenimus.
676 4289 715 4356 Et
738 4313 830 4378 quum
853 4291 925 4356 baec
945 4290 1035 4356 verba
1058 4291 1124 4356 loco
1140 4289 1251 4354 Psalmi
1275 4288 1417 4376 parallelo

295 4411 407 4492 desint,
431 4419 483 4480 vin
505 4439 666 4503 possumus
689 4439 751 4482 uon
774 4414 964 4495 addubitare,
988 4439 1027 4481 an
1048 4418 1080 4480 in
1102 4427 1219 4482 textuum
1243 4416 1419 4502 irrepserint
