3152 5160
804 271 855 343 88

727 373 928 383 -m-.-m--ffl

233 501 429 562 oenxxtttvo]
451 487 566 553 Jebova
589 499 686 550 autem
710 485 752 548 sic
774 482 816 546 illi
838 481 1010 568 respondit:

454 612 555 676 »Duae
579 624 680 698 gentes
705 613 829 674 suntin
851 621 936 672 utero
960 621 1031 685 tuo:

451 737 490 800 Et
514 736 588 800 duae
612 709 747 800 ndtiones
772 757 810 798 ex
834 733 994 799 visceribus
1018 736 1078 796 tuis
1102 732 1289 810 dividentur:

454 862 586 947 Quarum
609 865 729 926 natione
751 863 832 923 natio
857 858 1002 924 valentior
1025 861 1095 934 erit,
1156 844 1160 856 ¹

452 988 491 1052 Et
513 990 610 1074 major
633 989 740 1051 serviet
762 986 902 1048 minori«

382 1129 428 1183 [ra]
455 1112 553 1196 Quum
575 1112 688 1198 impleti
711 1123 810 1175 essent
832 1109 894 1174 dies
918 1110 982 1194 ejus
1005 1107 1139 1194 pariendi

452 1237 541 1300 Ecce!
565 1240 674 1325 gemini
697 1239 728 1300 in
750 1248 836 1299 utero
861 1237 923 1322 ejus
947 1235 1055 1319 reperti
1079 1245 1159 1296 suut.

383 1379 430 1430 [et]
454 1360 512 1444 Qui
535 1364 618 1448 prior
641 1381 777 1448 egressus
801 1373 846 1424 est
868 1358 993 1426 Eronos
1015 1358 1193 1436 vocabatur3

434 1487 514 1571 Qui
538 1500 635 1551 autem
659 1484 848 1573 sequebatur,
873 1484 1017 1550 Jacobus.

220 1590 434 1712 ⁶⁸²¹XV‘²⁷['27⁰]’
457 1612 572 1696 Quibus
597 1612 715 1689 adultis,
741 1609 835 1675 factus
860 1623 905 1674 est
918 1610 1035 1674 Esavus
1051 1613 1097 1674 vir
1113 1608 1240 1675 venandi
1262 1613 1393 1696 peritus:

454 1737 584 1803 Jacobus
608 1759 679 1802 vcro
702 1740 749 1801 vir
771 1736 830 1800 fuit
849 1735 973 1823 placidis
997 1734 1147 1812 moribus,
1172 1748 1201 1799 et
1222 1733 1340 1799 vivebat
1362 1738 1393 1798 in

912 1859 1118 1924 tabernaculis.

382 2002 430 2058 [ns]
454 1988 494 2052 Et
514 1988 630 2052 Isaacus
656 1986 774 2074 quidem
788 1986 935 2063 Esavum‚
960 1988 1045 2073 cujus
1068 1985 1277 2052 venationibus
1293 2008 1394 2051 vesce-

543 2081 546 2086 Ι
914 2124 1006 2188 retur,
1031 2110 1186 2199 diligebat:

455 2235 587 2302 Rebecca
610 2250 708 2302 autem
731 2235 849 2300 amabat
870 2234 1024 2301 Jacobum.

382 2379 432 2435 [os]
458 2361 595 2429 Ceterum
619 2375 740 2428 coxerat
762 2361 891 2426 Jacobus
916 2361 1074 2448 aliquando
1098 2327 1296 2449 pulmentum,

456 2490 555 2574 Quum
577 2489 693 2554 Esavus
717 2488 852 2554 venando
877 2487 972 2552 lassus
997 2486 1160 2565 adveniret,

384 2629 433 2688 [so]
458 2615 537 2678 Tum
552 2615 601 2678 hic
617 2613 748 2679 »Praebe
765 2613 866 2691 mihi«,
886 2616 985 2699 inquit
1000 2613 1056 2678 »de
1071 2612 1139 2677 ruso
1156 2613 1213 2679 boc
1228 2615 1392 2701 pulmento,

454 2738 530 2804 Nam
553 2739 725 2803 lassitudine
750 2738 899 2802 consectus
924 2760 1021 2801 sum«

385 2862 586 2936 [o11Jacobus
616 2875 713 2929 autem
742 2867 862 2951 ingerit:
894 2863 1016 2929 »Vende
1045 2864 1117 2926 mihi
1147 2867 1245 2929 statim
1269 2866 1321 2950 jus
1348 2869 1393 2930 tui

912 2991 1135 3077 primogeniti«

383 3129 441 3186 [set
458 3112 514 3180 Cui
538 3114 653 3182 Esavus
676 3112 845 3201 respondit:
872 3113 952 3180 »Eut
978 3136 1033 3202 ego
1057 3118 1161 3180 mortis
1184 3116 1319 3202 periculo
1339 3118 1394 3179 im·

913 3239 1016 3326 plicor.

457 3364 536 3448 Quid
558 3366 630 3429 mihi
652 3377 780 3452 prosunt
802 3368 1026 3452 praerogativae
1050 3365 1165 3430 istest«

382 3507 432 3564 [ss]
458 3492 537 3556 Tum
559 3489 704 3555 Jacobus:
730 3490 822 3555 »Jura
844 3490 917 3553 mibi
939 3490 1064 3568 hodic«;
1089 3503 1118 3555 et
1140 3490 1188 3555 illc
1206 3491 1329 3577 juravit.

381 3631 430 3687 [sa]
457 3615 543 3699 Quod
568 3638 661 3703 quum
683 3615 814 3693 fecisset,
840 3613 920 3680 dedit
943 3618 969 3678 ei
992 3614 1122 3682 Jacobus
1145 3637 1251 3703 panem
1274 3631 1303 3684 et
1325 3619 1393 3706 pui-

912 3753 971 3803 tem
994 3739 1106 3819 rufam3

455 3867 504 3931 Ille
528 3889 598 3931 vero
623 3888 715 3953 quum
739 3866 847 3932 edisset
870 3887 903 3929 ao
924 3864 1063 3944 bibisset,
1089 3889 1213 3955 surgens
1237 3868 1323 3946 abiit,

455 3992 494 4057 Et
517 3995 629 4079 sprevit
650 3991 767 4056 Esavus
790 3995 1054 4079 primogenituram
1077 4015 1170 4058 suam.

273 4097 430 4217 ⁶⁰}‘Jl‘fflj
453 4117 565 4182 Verum
589 4119 736 4181 enimvero
758 4139 849 4204 quum
864 4119 981 4183 bancos
998 4131 1161 4185 senesceret
1176 4121 1313 4208 oculique
1329 4123 1392 4209 ejus

913 4246 1084 4333 caligarent,

454 4369 584 4434 Vocavit
604 4368 698 4435 filium
720 4393 807 4436 suum
830 4383 902 4438 natu
926 4371 1066 4457 majorem
1081 4371 1227 4449 Esevnm,
1252 4384 1283 4438 et
1299 4371 1391 4438 dixit:
