3164 5176
766 317 980 434 Q

311 545 400 619 etque
424 529 582 616 adjuvante
598 527 728 605 Debere,
752 528 942 616 prophetissa
960 527 1109 605 Bethelea,
1134 548 1210 614 quae
1233 547 1340 614 magna
1362 537 1439 590 tune

311 658 453 741 temporis
482 656 656 718 auctoritate
684 651 766 740 apud
789 675 860 716 suos
884 651 1008 728 valeret,
1040 652 1190 718 Taberem
1212 663 1343 716 montem
1367 672 1436 714 cum

204 835 209 856 ,
312 782 428 866 exiguis
452 780 545 865 copiis
570 790 752 864 occupasset,
777 789 866 864 atque
887 776 955 841 inde
977 776 1077 841 subito
1094 780 1216 842 incursu
1231 779 1367 864 interque
1384 796 1437 840 ve-

310 904 559 968 hementissimam
578 901 614 964 de
632 902 714 967 coelo
731 911 933 988 tempestatem
953 899 1064 966 ferreos
1083 900 1184 967 Sisrae
1201 922 1306 966 onmes
1321 912 1437 966 totum-

311 1049 368 1116 que
386 1026 615 1092 Ganaanitarum
639 1028 800 1090 exercitum
823 1025 960 1090 funderet
982 1047 1015 1090 ae
1038 1025 1164 1114 fugaret.
1195 1024 1290 1110 Quam
1314 1025 1437 1112 quidem

310 1154 479 1227 victoriam,
508 1163 545 1227 et,
571 1154 621 1236 qui
646 1172 684 1214 ex
707 1171 741 1214 ea
763 1150 917 1237 profluxit,
943 1153 1056 1216 exitum
1080 1149 1179 1216 Sisrae
1203 1150 1290 1237 plane
1312 1152 1437 1216 misera-

309 1276 412 1353 bilem,
436 1298 512 1352 una,
537 1288 572 1339 ut
588 1274 714 1351 videtur,
739 1287 969 1339 commemorant
983 1273 1104 1340 Debere
1120 1287 1149 1338 et
1163 1273 1252 1340 Sufes
1268 1275 1315 1339 ille
1329 1273 1436 1362 Napb-

309 1402 422 1465 abolita.
458 1401 603 1487 Imprimis
626 1401 727 1486 igitur,
752 1411 787 1464 ut
807 1403 981 1486 atemporis
998 1399 1185 1464 ordiuadoue
1200 1402 1348 1485 incipiam,
1372 1421 1435 1466 ser-

309 1527 413 1589 vitium
444 1524 518 1590 illud
545 1523 702 1588 dnbineum
730 1527 828 1589 statim
863 1536 935 1609 post
966 1522 1110 1589 Otbnielis
1140 1537 1266 1588 mertem
1293 1523 1435 1590 Israelitis

309 1650 475 1735 injunctum
498 1649 589 1714 luisse
613 1661 745 1735 apparet,
770 1652 822 1735 qui
845 1661 916 1712 tune
940 1649 1038 1713 denuo
1053 1649 1198 1714 deboram
1221 1651 1434 1736 peceatissuis

310 1773 502 1838 offenderant.
536 1773 639 1861 Neque
662 1772 736 1837 illud
757 1795 814 1859 pro
839 1771 1010 1838 difficultate
1033 1772 1203 1840 babendum
1223 1787 1277 1851 est,
1302 1773 1432 1861 quodin

310 1903 403 1985 capite
427 1902 516 1964 tertio
540 1902 683 1985 scriptum
705 1901 871 1962 invenimus
892 1935 927 1946 -
947 1919 1060 1986 nempe,
1086 1898 1294 1987 Sbamgarem,
1318 1897 1433 1965 Anatbi

308 2023 416 2099 lilium,
440 2036 511 2109 post
527 2020 672 2089 Otbnielis
696 2021 848 2088 decessum
872 2025 950 2088 cives
974 2044 1046 2087 suos
1062 2047 1079 2088 a
1093 2024 1261 2090 Pbilistaeis
1280 2022 1430 2088 liberasse.

309 2147 420 2234 Aperte
445 2150 521 2212 enim
544 2147 727 2212 demonstrat
748 2146 903 2212 Canticum
926 2162 1063 2212 nestrum
1087 2143 1128 2230 (v.
1146 2145 1190 2230 6),
1214 2147 1359 2214 Israelitas
1381 2148 1432 2214 illa

309 2277 375 2359 ipsa
398 2271 570 2360 Shamgaris
594 2283 688 2336 aetate
710 2284 772 2336 tam
803 2272 906 2336 hurnili
929 2294 963 2336 ae
985 2272 1114 2338 demisse
1138 2272 1229 2338 luisse
1252 2275 1365 2348 animo,
1397 2285 1433 2338 ut

308 2419 362 2484 per
385 2397 604 2484 qualescunque
633 2400 809 2484 angiportus
840 2409 869 2462 et
896 2408 978 2462 trans
1008 2397 1129 2462 limitem
1151 2400 1216 2462 viae
1243 2399 1430 2462 inimieorum

308 2533 389 2586 metu
413 2520 597 2609 obreperent.
629 2520 663 2585 Si
674 2523 776 2608 ‘igitur
791 2521 838 2585 vel
857 2521 1014 2608 plusquam
1030 2517 1185 2603 sexcentos
1201 2521 1431 2587 Philistaeerum

308 2647 391 2712 humi
415 2649 569 2712 stravisset
590 2667 666 2732 grex
687 2645 735 2710 ille
758 2644 957 2711 bubulcorum
979 2650 1028 2711 cui
1044 2645 1174 2734 praefuit
1189 2645 1344 2734 Shamgar,
1367 2669 1432 2712 non

308 2771 375 2836 ideo
405 2771 572 2858 putandum
601 2782 646 2834 est
680 2770 744 2846 late¹
773 2783 921 2858 patentem
950 2771 1029 2836 illam
1059 2771 1304 2848 dominationem,
1341 2793 1431 2858 quam

307 2894 433 2960 dabiuus
457 2898 533 2959 inter
549 2896 793 2981 septentrionales
813 2894 977 2973 exercebat,
1001 2896 1078 2960 illice
1095 2895 1312 2963 collabesaetem
1327 2895 1428 2964 fuisse.

310 3019 517 3105 Quodcunque
540 3023 702 3107 patraverit
726 3019 887 3107 Sbamgar,
916 3020 947 3086 id
969 3023 1045 3086 inter
1067 3043 1117 3087 eas
1140 3022 1336 3109 agricolarum
1359 3044 1430 3088 cen·

308 3143 494 3208 turbationes
523 3145 739 3211 numerandum
768 3157 828 3222 est,
860 3167 935 3231 quae
958 3148 1130 3212 servitutem
1159 3150 1291 3212 omnium
1313 3149 1431 3212 variant

308 3271 411 3354 petius
435 3290 524 3355 wem
547 3283 692 3336 evertunt.
728 3268 762 3336 Si
784 3281 900 3336 textum
922 3283 1059 3336 nostrum
1082 3273 1243 3359 sequimur,
1268 3294 1323 3359 pro
1348 3285 1429 3338 certo

309 3392 478 3459 babendum
501 3408 554 3472 est,
578 3395 676 3460 Jabini
700 3408 877 3483 potestatem
892 3395 1100 3483 perduravisse
1118 3396 1155 3461 ab
1173 3394 1318 3470 Otbnielis
1333 3409 1430 3464 morte

309 3541 403 3606 usque
427 3518 465 3584 ad
487 3519 519 3584 id
541 3523 684 3607 temperis
706 3541 788 3608 »quo
804 3519 924 3587 Debora
942 3533 1084 3608 surgeret,
1109 3543 1170 3608 que
1187 3533 1322 3610 surgeret
1335 3533 1431 3590 mater

307 3643 453 3709 israelis«

396 3767 462 3834 dam
485 3792 556 3834 vero
571 3768 696 3834 Jabinus
720 3781 831 3848 noster,
858 3767 1015 3836 Chatzeris
1038 3792 1102 3848 rex,
1126 3770 1203 3836 idem
1226 3793 1334 3835 nomeu
1358 3792 1429 3838 ean-

308 3893 373 3960 dem
397 3892 627 3958 dominationem
650 3893 749 3972 habet,
773 3917 863 3982 quam
886 3909 971 3960 vetus
995 3895 1042 3960 ille
1066 3894 1348 3982 septentrionalium
1371 3894 1429 3964 Ca·

306 4022 492 4084 naanitarum
515 4017 650 4106 signifer,
675 4041 762 4108 quem
785 4021 894 4097 desua,
919 4025 944 4084 si
967 4021 1184 4086 Maseretbieos
1208 4021 1315 4098 audis,¹
1332 4021 1428 4086 multo

307 4157 374 4209 ante
399 4144 553 4210 devicerat.
592 4144 668 4209 Illud
691 4166 812 4233 quoqne
835 4145 1043 4211 observatione
1067 4146 1190 4234 dignum
1213 4159 1266 4225 est,
1292 4146 1375 4232 qued
1398 4149 1429 4211 in

307 4269 363 4334 hac
385 4269 510 4336 historia
525 4269 649 4338 Jabinus
671 4271 719 4336 ille
733 4275 840 4350 minor,
865 4275 890 4338 si
905 4295 967 4338 uon
982 4270 1060 4337 idem
1075 4269 1171 4349 suerit,
1196 4269 1429 4362 haudquaquam

308 4398 393 4479 quasi
417 4408 499 4462 actor
521 4410 671 4484 appareat.
709 4395 814 4465 Omnia
836 4421 890 4485 per
908 4397 1020 4464 Sisram
1042 4409 1188 4484 geruntur
1208 4435 1243 4446 -
1263 4395 1347 4466 Sisra
1369 4395 1428 4466 ler-
