3166 5178
840 411 890 487 tt

306 628 430 715 legimus
455 622 597 708 (XXXV,
616 622 646 702 9,
666 617 720 706 10)
743 623 837 688 Deum
860 621 974 686 laccho
998 625 1186 711 apparuisse,
1215 643 1307 709 quum
1331 644 1444 686 rever·

307 764 420 816 teretur
448 751 717 835 cMesopotamia,
751 752 836 835 cique
865 749 911 811 his
939 747 1038 812 verbis
1068 748 1272 812 benedinessc:
1303 769 1443 811 »nomen

307 889 393 940 tuum
421 897 483 940 non
511 874 636 959 amplius
667 871 824 937 vocabitur
853 871 1005 954 Jacoeen,
1037 872 1090 937 sed
1111 873 1211 938 Israel
1236 874 1293 936 erit
1320 894 1442 936 nomen

307 1014 412 1066 mum«
429 1037 465 1048 -
483 999 567 1086 quod
582 1021 648 1062 cum
663 995 867 1062 benedictione
883 997 967 1061 aliter
982 1019 1144 1085 congruere
1159 999 1277 1084 nequit,
1299 1018 1387 1083 ιιιιιιιιι
1406 999 1441 1060 si

307 1125 468 1190 relermnus
497 1127 628 1211 priorem
656 1125 784 1186 nominis
813 1134 927 1210 partem
956 1121 1140 1186 adverbum
1168 1113 1272 1214 Ἶᾷις,
1301 1120 1440 1208 felicem

303 1249 501 1337 praedicavit
523 1243 609 1328 (Gen.
630 1245 736 1324 XXX,
762 1243 830 1329 13),
861 1246 940 1311 unde
963 1269 1042 1310 unus
1065 1269 1082 1310 e
1103 1245 1207 1311 lacobi
1230 1245 1297 1310 liliis
1320 1267 1438 1310 nomen

309 1395 395 1437 suum
420 1371 580 1436 deduxisse
597 1370 734 1435 traditur
769 1371 853 1436 Hanc
868 1371 1069 1460 compilatoris
1086 1373 1283 1458 conjecturam
1299 1369 1337 1433 ad
1353 1373 1436 1434 veri-

307 1510 397 1562 tatem
420 1501 557 1585 proxime
575 1499 731 1560 accessisse
747 1495 931 1560 demonstrat
945 1517 1053 1561 nomen
1068 1474 1241 1601 „qm
1260 1492 1285 1576 (Ι
1299 1495 1432 1581 Parahp

308 1623 408 1700 XXV,
425 1618 459 1705 2)
483 1622 530 1687 vel
552 1598 709 1698 ,ἾΗΝἾΦἿ
732 1617 774 1704 (v.
793 1617 862 1704 14),
888 1620 971 1708 quod
985 1621 1126 1708 explicari
1140 1591 1241 1709 potest
1256 1631 1372 1685 erecdae
1386 1621 1436 1684 ad

308 1749 422 1816 Deum.
467 1747 542 1812 Nam
566 1704 657 1850 'tdlti
685 1759 715 1810 et
736 1741 824 1822 wli,
854 1759 889 1810 ut
917 1767 1009 1833 supra
1037 1750 1154 1823 monui,
1187 1744 1308 1811 eandem
1338 1747 1432 1833 signi-

307 1873 489 1948 ficationem,
513 1872 624 1936 formas
646 1871 750 1936 leviter
771 1826 941 1935 immutatas
964 1869 1084 1936 habent.
1127 1869 1236 1935 Omnes
1260 1873 1352 1946 enim,
1377 1873 1431 1957 qui

309 1994 471 2060 Hebraeum
501 1999 720 2083 grammaticam
748 1995 866 2073 callent,
897 1999 969 2060 satis
992 2009 1141 2062 noverunt
1161 1995 1289 2060 litteram
1310 2003 1339 2066 Ν
1362 1999 1433 2060 in't

187 2202 189 2206 Ι
309 2119 393 2184 facile
420 2123 546 2185 transire
571 2141 671 2207 posse.
717 2119 863 2206 Equidem
885 2121 985 2184 nullus
1009 2119 1113 2185 dubito
1137 2123 1267 2208 priorem
1288 2121 1432 2208 compila-

309 2248 384 2309 toris
416 2245 625 2332 etymologiam
660 2266 698 2310 ex
727 2267 762 2308 eo
793 2244 949 2310 dumtaxat
976 2268 1122 2323 manasse,
1159 2245 1257 2332 quod,
1292 2258 1432 2333 respectu

284 2369 412 2456 ¹habito
443 2369 481 2434 ad
509 2371 713 2447 luctationem,
744 2391 852 2436 nomen
875 2370 989 2435 Israelis
1016 2392 1073 2457 pro
1102 2370 1225 2436 arbitrio
1256 2392 1312 2436 suo
1339 2374 1432 2434 inter-

309 2499 420 2584 pretari
444 2496 549 2560 voluit.
598 2494 688 2578 Quod
717 2495 756 2560 ad
785 2495 941 2559 discrimen
970 2498 1089 2572 attinet,
1122 2495 1205 2582 quod
1233 2500 1310 2560 inter
1331 2498 1379 2560 sin
1401 2508 1431 2560 et

309 2619 379 2686 etta
406 2620 575 2698 intercedit,
606 2619 680 2684 illud
710 2621 809 2685 locum
836 2619 945 2684 habere
975 2641 1037 2684 non
1064 2623 1165 2706 potuit
1188 2633 1254 2685 ante
1277 2624 1429 2686 inventum

310 2745 430 2809 illud'
407 2767 524 2832 signum
548 2744 743 2821 diacriticum,
768 2745 858 2831 idque
879 2747 1050 2810 recentioris
1068 2743 1231 2810 industriae
1252 2744 1344 2811 fuisse
1359 2745 1430 2810 affa-

310 2873 363 2933 tim
387 2880 512 2932 constat.
546 2868 586 2932 Et
609 2889 701 2954 quum
724 2871 806 2932 natio
822 2869 979 2933 Israelitica
1001 2867 1170 2934 nominibus
1187 2867 1260 2943 'till'
1278 2884 1308 2936 et
1329 2866 1429 2985 miili

310 2992 467 3082 gauderet,
491 2995 600 3057 rationi
623 3005 852 3057 consentaneum
875 3007 920 3058 est
942 2995 1167 3082 appellationem
1181 2951 1312 3102 ΗζὲἾῙζζἾ
1326 2997 1428 3062 eodem

310 3121 466 3206 pertinere
512 3117 584 3181 Fuit
610 3120 703 3205 igitur
724 3117 907 3206 relligiosum
929 3123 995 3206 piae
1018 3124 1114 3207 gentis
1138 3143 1317 3209 cognomen,
1348 3122 1429 3186 haud

311 3243 395 3308 aliter
423 3262 513 3329 φιιιιιι
542 3264 635 3330 quum
659 3241 763 3326 sati,
795 3248 846 3332 qui
868 3244 1122 3332 Pentapotamiam
1144 3247 1273 3312 Indicam
1294 3247 1429 3334 posside·

311 3367 398 3445 bant,
423 3388 531 3433 nomen
554 3365 611 3432 sibi
635 3372 797 3434 sanctitatis
821 3369 1001 3436 indiderunt.

398 3492 466 3558 >lam
481 3516 554 3558 vero
576 3497 648 3558 satis
672 3507 807 3560 constare
830 3494 931 3573 debet,
957 3496 1052 3583 qualis
1076 3495 1166 3561 fuerit
1186 3496 1261 3562 liber
1283 3499 1330 3562 ille
1346 3495 1427 3571 'tdlt

310 3621 383 3683 Fuit
404 3618 604 3704 proculdubio
629 3619 761 3685 collectio
778 3633 911 3685 veterum
934 3624 1093 3686 carminum
1117 3622 1300 3711 aliorumque
1322 3580 1429 3690 medd-

310 3756 477 3808 mentorum
501 3743 539 3806 ad
560 3747 698 3830 pietatem
721 3749 816 3832 ipsam
839 3759 928 3834 atque
951 3746 989 3811 ad
1011 3748 1116 3834 populi
1131 3746 1319 3815 lehovicolae
1335 3751 1430 3816 histo-

311 3872 385 3934 riam
406 3871 625 3954 pertinentium.
661 3868 731 3934 Sive
755 3893 821 3934 cum
837 3870 949 3936 Graeco
972 3869 1075 3945 'tulin
1090 3879 1167 3945 'tao
1182 3873 1287 3938 reddas
1303 3874 1431 3959 βίβλων

311 3994 369 4060 τοῦ
391 3989 527 4069 eddela,
556 3996 618 4058 sive
641 4015 708 4058 cum
732 3993 882 4060 Chaldaeo
911 3991 1081 4071 &ntw‘t
1102 4003 1252 4105 miani.
1269 4023 1294 4064 e.
1318 4001 1430 4066 libescere

311 4112 431 4207 lcqls¹),
456 4115 613 4183 concludas
636 4139 754 4184 necesse
777 4133 836 4198 est,
861 4121 940 4186 hunc
953 4078 1077 4188 15..me
1093 4095 1249 4212 syntagma
1271 4124 1362 4190 luisse
1378 4138 1430 4190 aut

314 4242 522 4252 ————-—-

388 4294 407 4359 ¹)
430 4293 561 4364 Joscphus
582 4295 766 4368 quadamtenus
786 4297 911 4369 significat
929 4297 1022 4352 librum
1042 4299 1130 4390 'th
1123 4317 1149 4352 ιιι
1162 4299 1257 4371 templo
1271 4309 1428 4355 asservatum

313 4393 395 4450 luisse
413 4397 511 4468 (Antiq.
524 4401 557 4465 V,
571 4399 605 4456 17
618 4402 632 4473 §
646 4404 681 4473 1),
700 4405 769 4459 unde
788 4407 970 4476 consequimur
987 4404 1081 4459 librum
1099 4405 1164 4479 legis
1184 4407 1210 4460 in
1223 4406 1266 4461 illa
1279 4406 1429 4462 collectione

312 4499 394 4556 luisse
412 4502 547 4560 inclusum.
