3164 5176
746 315 959 426 ..aa-

292 522 402 610 (Exod.
418 524 486 603 XV,
507 521 570 609 13),
594 538 629 591 ιιι
651 529 681 590 vi
705 525 831 613 quadam
854 547 908 590 sua
924 524 1103 614 significaret
1118 546 1263 590 summum
1279 524 1417 590 favorem

293 675 353 741 quo
374 651 490 717 lehova
510 651 656 718 Israelitas
678 663 919 740 prosequeretur.
956 651 1058 716 Talem
1082 651 1198 716 divinae
1220 643 1415 740 benignitatis

293 777 535 865 significationem
557 782 588 843 in
612 775 725 842 Josuae
746 779 869 841 victoria
892 790 1011 863 praesto
1036 775 1181 855 adfuisse,
1210 797 1271 842 non
1294 787 1418 862 poterat

292 906 429 990 ignorare
454 916 535 969 vates
563 903 627 981 ille,
659 906 710 990 qui
739 905 825 967 istam
848 904 1002 966 victoriam
1031 899 1205 968 celebrabat.
1252 899 1316 966 Jam
1340 921 1415 965 vero

293 1040 391 1096 exstat
412 1029 548 1095 Psalmus
572 1022 784 1112 (CXXXVI),
815 1029 845 1091 in
875 1049 935 1114 quo
966 1028 1074 1115 singuli
1105 1047 1207 1093 versus
1237 1027 1267 1090 in
1291 1025 1417 1090 eandem

293 1153 448 1220 formulam
473 1155 625 1220 desinunt=
653 1153 775 1229 scilieet,
800 1165 901 1216 utrum
924 1175 1028 1218 sensus
1051 1152 1252 1239 praecedentis
1276 1151 1417 1216 versiculi

294 1279 449 1346 absolutus
466 1293 524 1357 est,
549 1303 586 1345 an
601 1278 799 1367 imperfectus,
822 1277 900 1341 illico
917 1277 1089 1363 subjicitur:
1112 1270 1210 1383 l'llbl'fl
1225 1250 1349 1383 obp-„tq
1365 1281 1415 1369 ³2,

295 1427 380 1470 anam
409 1405 574 1493 benignitas
604 1406 667 1490 ejus
699 1398 737 1486 (i.
758 1425 782 1467 e.
805 1398 957 1485 Jehovae)
986 1416 1031 1468 est
1058 1415 1206 1468 aeterna«
1253 1400 1418 1488 Ceteroqui

294 1535 349 1596 iste
372 1531 507 1595 Psalmus
537 1553 602 1595 cum
633 1550 667 1594 eo
696 1531 869 1616 quistatim
892 1528 1041 1614 praecedit
1062 1531 1095 1592 in
1118 1528 1287 1593 collectione
1311 1539 1417 1592 nostra

294 1669 353 1722 tam
376 1660 407 1720 in
431 1655 534 1721 ordine
557 1657 784 1731 sententiarum,
810 1675 897 1742 quam
921 1657 951 1718 in
968 1653 1128 1719 verborum
1147 1667 1235 1741 atque
1252 1657 1417 1740 imaginum

295 1782 409 1846 delectu
442 1785 549 1846 mimm
582 1785 613 1846 in
645 1780 767 1863 modum
802 1781 949 1867 congruit.
997 1777 1209 1844 Concludimus
1238 1783 1330 1867 igitur
1357 1779 1417 1842 hos

294 1905 429 1970 Psalmos
458 1929 475 1970 a
506 1909 653 1971 communi
682 1905 812 1992 quodam
840 1903 921 1969 fonte
945 1904 1095 1970 derivatos
1119 1927 1192 1970 esse.
1239 1903 1322 1987 Quae
1345 1927 1418 1970 sane

297 2034 399 2118 opinio
430 2053 464 2096 eo
495 2031 700 2108 confirmatur,
732 2029 815 2117 quod
843 2033 927 2114 prior
949 2028 1084 2094 Psalmus
1114 2029 1251 2118 frequens
1275 2042 1320 2094 est
1342 2029 1417 2094 locis

297 2154 414 2220 aliunde
438 2155 611 2242 desumptis.
646 2154 722 2219 Nam
743 2166 779 2218 ut
801 2167 912 2218 taceam
936 2179 965 2218 v.
985 2153 1013 2233 1,
1031 2155 1067 2232 23
1093 2151 1130 2232 63
1156 2152 1196 2219 15
1213 2177 1277 2242 sqq.
1303 2157 1418 2241 quiex

296 2281 404 2346 Psalm.
429 2278 595 2358 CXXXIV,
615 2279 644 2358 1,
661 2277 699 2358 2;
730 2278 823 2357 CXV,
842 2279 879 2358 33
909 2278 1003 2358 CXV,
1020 2279 1042 2344 4
1058 2301 1139 2368 sqq.;
1170 2279 1292 2345 totidem
1316 2278 1417 2344 verbis

296 2419 486 2493 repetuntur,
519 2429 547 2470 v.
566 2406 596 2484 7,
627 2409 678 2494 qui
707 2405 745 2470 ad
768 2405 874 2470 lenem.
891 2404 936 2482 X,
956 2403 1006 2471 13.
1036 2405 1086 2482 LI,
1108 2402 1148 2471 16
1175 2405 1276 2471 referri
1299 2417 1416 2493 potest3

296 2530 439 2596 habemus
455 2534 486 2596 in
498 2555 527 2595 v.
536 2528 580 2596 14
595 2533 762 2596 citationem
779 2533 915 2595 carminis
927 2529 1084 2594 lasharani
1097 2526 1197 2613 (Dent.
1210 2529 1334 2608 XXXll,
1349 2526 1416 2614 36),

297 2669 327 2721 et
353 2661 383 2720 in
405 2655 721 2734 Ps.cxxxvt,12‚
750 2659 876 2721 recurrit
903 2657 1020 2742 phrasis
1050 2657 1114 2734 illa,
1146 2677 1221 2743 quae
1245 2659 1362 2742 saepius
1386 2660 1416 2720 in

297 2782 498 2847 Pentateucho
522 2795 694 2868 usurpator,
718 2794 754 2845 ut
775 2785 807 2845 in
829 2781 917 2845 Dent.
930 2780 1000 2859 Vll,
1020 2779 1070 2846 19.
1112 2780 1177 2845 lam
1202 2802 1281 2859 vero,
1307 2795 1343 2845 nt
1356 2781 1418 2846 Da·

297 2906 379 2970 thius
407 2917 522 2983 monet,
558 2910 762 2971 convenientia
792 2910 957 2995 argumenti
986 2905 1140 2994 probabile
1169 2906 1239 2972 facit
1265 2906 1417 2971 Psalmum

299 3027 456 3095 CXXXVl
483 3034 514 3094 in
543 3030 715 3096 fundatione
743 3032 864 3096 secundi
895 3033 996 3119 templi
1026 3029 1192 3098 adhibitum
1220 3053 1298 3110 esse,
1334 3031 1418 3120 quod

298 3155 433 3219 nonnulli
455 3159 580 3221 maxime
597 3179 635 3222 ex
650 3157 715 3221 lisr.
732 3157 783 3233 lll,
800 3154 837 3221 11
865 3157 1022 3245 colligunt,
1047 3156 1100 3221 ubi
1115 3169 1267 3224 narratur:
1289 3157 1419 3222 reduces

299 3280 425 3346 alternis
453 3282 553 3346 eboris
575 3281 726 3346 Jetooam
754 3281 912 3365 laudasse,
942 3283 1027 3370 quod
1052 3284 1149 3348 bonate
1170 3284 1211 3348 sit
1231 3293 1419 3371 aeternaque

297 3407 332 3470 in
348 3403 505 3473 Israeliten
528 3409 728 3493 bonipoitote5
752 3427 827 3495 quae
850 3411 915 3495 ipsa
939 3407 1066 3473 formula
1089 3421 1147 3486 est,
1171 3412 1201 3473 in
1227 3428 1286 3495 qua
1308 3408 1418 3496 singuli

298 3531 389 3618 huJus
412 3531 522 3596 Psalmi
544 3555 648 3598 versus
679 3533 832 3612 desinunt,
864 3554 922 3621 qua
948 3533 1184 3621 respondebatur
1207 3533 1290 3598 alteri
1312 3531 1417 3610 choro,

298 3660 382 3743 prius
405 3657 611 3722 hemistichion
634 3661 785 3723 accinenti.
822 3657 904 3741 Quae
928 3663 953 3723 si
976 3663 1017 3724 ita
1040 3671 1125 3737 sunt,
1149 3662 1175 3723 si
1195 3658 1314 3723 Levitae
1338 3659 1419 3722 hunc

298 3781 448 3846 Psalmum
477 3783 671 3848 decantabant
699 3783 736 3848 ad
760 3783 961 3849 celebrandam
983 3788 1118 3849 iteratam
1140 3787 1302 3872 promissae
1324 3786 1419 3870 patri·

298 3904 356 3972 bus
378 3920 473 3973 terrae
494 3911 729 3995 possessionem,
754 3909 826 3999 quid
842 3910 1040 3987 verisimilius,
1065 3929 1154 3996 mam
1169 3932 1220 3975 eos
1237 3911 1321 3997 quasi
1337 3908 1418 3972 ultro

299 4037 466 4122 respexisse
489 4033 527 4099 ad
550 4035 627 4101 illam
643 4033 753 4101 Josuae
776 4039 939 4100 victoriam
953 4057 1013 4100 non
1037 4036 1125 4124 longe
1148 4033 1185 4099 ab
1201 4033 1418 4120 Hierosolymis

299 4173 429 4248 partam,
464 4179 523 4250 qua
550 4164 646 4249 prima
675 4174 781 4226 certam
811 4160 868 4226 sibi
895 4159 993 4225 sedem
1022 4160 1221 4225 vindicassent
1247 4157 1419 4224 israelitae?

298 4283 339 4350 Et
360 4289 501 4374 quoniam
523 4300 595 4352 tunc
618 4286 755 4352 exstabat
776 4286 939 4353 lasharana
962 4287 1011 4350 illa
1034 4289 1149 4364 ovatio,
1179 4285 1251 4373 quid
1274 4287 1420 4350 verisimi-

299 4379 367 4488 lius,
392 4433 480 4500 quam
504 4434 555 4478 eos
579 4412 647 4478 inde
671 4412 870 4501 desumpsisse
894 4425 982 4502 atque
1004 4413 1036 4478 in
1059 4435 1131 4479 suos
1147 4433 1221 4478 usus
1237 4414 1419 4478 convertisse
