3152 5160
765 367 974 477 Q—

309 573 444 656 hamum‚
469 581 500 641 in
522 589 626 643 nostro
643 576 831 665 Fragmento,
856 577 999 642 historico
1017 576 1064 642 vel
1087 575 1321 666 ethnographico
1340 599 1430 643 sensu

310 703 511 791 accipiendum
541 723 604 769 esse
633 701 817 768 demonstrat
839 715 898 766 tam
922 723 1020 768 rerum
1043 704 1190 790 ipsarum,
1221 723 1296 791 quae
1320 701 1431 768 descri-

307 827 430 907 buntur‚
454 832 541 907 ratio,
567 847 655 916 quam
671 831 824 893 nominum
843 828 1081 916 significationes,
1107 850 1182 916 quae
1196 827 1234 892 D.
1249 827 1377 893 Paulum
1393 849 1428 891 eo

309 954 512 1032 adduxerunt,
530 967 572 1019 ut
594 953 778 1042 allegoricam
801 954 893 1040 hujus
917 952 974 1018 loci
997 955 1269 1041 interpretationem
1291 964 1428 1018 tentaret.

253 1115 256 1120 Δ
307 1079 353 1145 Ac
374 1082 502 1167 primum
527 1078 562 1144 de
585 1078 765 1144 nominibus.

395 1205 563 1270 Historicus
591 1204 639 1268 ille
662 1203 830 1269 Nomadum
860 1203 938 1282 dux,
968 1205 1019 1292 qui
1048 1216 1189 1292 tanquam
1215 1203 1429 1291 transeuphra-

306 1333 398 1394 tensis
423 1330 536 1396 advena
559 1335 678 1432 *illiti
701 1332 720 1392 i.
738 1350 763 1393 e.
780 1321 799 1392 d
815 1323 954 1414 περάτης
968 1329 1142 1416 perhibetur
1159 1324 1245 1411 (Gen.
1261 1327 1342 1405 XIV,
1361 1323 1426 1410 13),

229 1540 239 1548 ι
306 1454 443 1521 breviore
466 1460 584 1521 nominc
608 1459 718 1558 0:th
741 1458 760 1518 ἰ.
778 1477 803 1519 e.
822 1465 917 1540 poter
933 1449 1016 1544 (met)
1040 1455 1120 1520 aluos
1135 1453 1181 1518 rel
1198 1453 1332 1518 occetano
1348 1447 1427 1556 (Εῇ)

307 1581 488 1670 appellatur,
519 1594 548 1646 et
570 1551 695 1646 uxorem
719 1578 822 1656 habet,
854 1601 928 1666 quae
952 1573 1025 1682 ᾙῐζ)
1047 1583 1067 1643 i.
1085 1602 1109 1644 e.
1133 1579 1245 1692 prodier
1265 1579 1377 1644 nobilia
1401 1585 1430 1642 ct

303 1747 455 1812 pecoroso
478 1746 506 1811 q.
523 1747 552 1788 v.
570 1722 715 1812 soemireo
731 1723 880 1810 princepe
910 1743 948 1785 ex
970 1721 1098 1788 Arabico
1122 1745 1200 1805 &ju
1225 1734 1425 1808 nuncupatur.

307 1865 407 1950 Quum
430 1881 526 1932 tamen
549 1870 580 1930 in
604 1866 865 1954 ethnographicam
889 1867 996 1930 transit
1018 1885 1184 1952 personam,
1209 1867 1287 1931 illius
1307 1865 1424 1954 quidem

305 2014 414 2056 nomen
428 1992 606 2078 producitur
621 1995 651 2054 in
666 1996 819 2095 Πζῒῇᾎᾷ,
850 1990 933 2078 quod
956 1993 1031 2056 sacri
1059 2003 1159 2056 textus
1183 1994 1425 2077 interpretatione

306 2116 426 2205 adjutus
449 2115 558 2180 reseras
582 2116 619 2181 ad
634 2086 794 2181 Arabicum
817 2083 883 2222 {Q
899 2139 1063 2182 owmeroeo
1077 2115 1249 2200 multitudo,
1267 2131 1303 2181 ut
1317 2137 1425 2182 nomen

305 2242 450 2329 significet
478 2264 611 2328 magnae
632 2241 837 2334 multitudinis
853 2252 955 2328 poter.
1001 2241 1081 2306 Haec
1108 2254 1205 2307 autem
1234 2243 1321 2306 simili
1345 2264 1425 2308 com-

303 2370 467 2431 mutatione
496 2379 621 2431 vocatur
651 2360 752 2470 ιᾞῑζ),
784 2366 867 2454 quod
896 2365 934 2430 ad
962 2336 1202 2468 Arabicumljfs
1228 2389 1425 2432 numerosam

297 2492 422 2580 prolem
445 2491 552 2558 tacete
573 2492 733 2569 reducunt,
759 2505 789 2556 et
809 2492 969 2556 mulierem
983 2489 1177 2578 foecundum
1193 2503 1222 2557 et
1233 2491 1425 2581 proliserom

302 2621 544 2706 interpretantur,
568 2617 647 2682 unde
669 2616 704 2681 fit
725 2630 760 2681 ut
785 2615 890 2683 Sorai
913 2639 979 2682 cum
1002 2615 1280 2705 Anglo·Saxonico
1304 2620 1423 2682 nomine

302 2739 445 2810 Eleooor
467 2756 620 2830 congruat.

390 2867 456 2931 dam
485 2889 556 2931 vero
591 2867 640 2929 hic
669 2864 874 2945 Abrahamus‚
912 2870 963 2956 qui
998 2890 1058 2932 non
1093 2889 1192 2933 rarum
1222 2865 1327 2933 habuit
1356 2889 1421 2933 cum

301 2990 459 3078 Aegyptiis
484 2994 698 3069 commercium,
725 2990 761 3055 ab
779 3015 875 3056 uxore
899 2991 1028 3080 legitima
1050 2995 1070 3058 i.
1087 3014 1112 3057 e.
1135 2992 1268 3080 principe
1284 2993 1333 3057 illa
1351 3016 1421 3058 suae

301 3117 403 3201 stirpis
433 3110 525 3196 (Gerr.
548 3115 623 3192 XX,
652 3111 710 3197 12)
746 3115 873 3182 foemina
906 3115 1026 3201 Sorai,
1063 3117 1194 3182 ancillam
1225 3117 1418 3206 Aegyptiam,

300 3251 441 3326 tanquam
470 3261 594 3305 uxorem
623 3245 804 3319 usurariam,
837 3245 951 3329 accipit.
997 3242 1077 3308 Haec
1105 3255 1202 3308 autem
1230 3256 1421 3329 nuncupatur

300 3365 386 3468 Ἶξζ),
418 3388 493 3452 quae
521 3388 583 3429 vox
613 3369 638 3430 si
666 3369 843 3432 recentiores
866 3365 1038 3432 Hebraistas
1068 3366 1219 3446 audimus,
1251 3368 1288 3431 ad
1311 3367 1420 3435 Arabi·

300 3510 366 3553 cum
380 3480 466 3592 ἔξω
488 3486 596 3578 (sopit,
616 3492 752 3556 discessit
766 3515 786 3556 o
801 3493 873 3575 cuis,
890 3489 928 3556 de
942 3493 1067 3578 regione
1082 3495 1115 3558 ire
1129 3494 1286 3578 cepionem
1300 3494 1417 3580 recipro-

297 3609 353 3695 ve't)
369 3627 490 3700 spectat,
509 3628 544 3678 ut
560 3617 703 3702 significet
718 3616 852 3705 Hagarae
868 3639 885 3680 a
901 3616 990 3681 domo
1007 3640 1061 3682 sua
1079 3617 1237 3682 discessum
1255 3617 1285 3682 ei
1299 3615 1417 3682 crebras

296 3735 485 3802 Ismatliticac
513 3742 609 3826 gentis
633 3744 833 3828 migrationes.
882 3741 915 3807 Si
938 3755 1036 3807 autem
1059 3743 1095 3807 D.
1115 3741 1241 3807 Paulum
1265 3744 1418 3831 sequimur

297 3856 375 3944 (Gal.
391 3862 442 3940 IV,
461 3858 516 3944 25)
540 3864 598 3929 hec
613 3888 721 3930 nomen
736 3869 838 3951 potius
857 3866 895 3929 ad
909 3865 1071 3932 Arabicum
1083 3882 1183 3960 5S>
1200 3890 1302 3954 repes,
1324 3867 1414 3954 lupia,

294 3985 480 4052 referendum
511 4001 569 4066 est,
600 4003 635 4053 ut
663 3989 808 4077 significet
836 3990 983 4055 desertum
1012 3991 1085 4056 illud
1114 3990 1242 4056 Arabiae
1265 3991 1414 4070 Petraeae‚

294 4110 347 4173 ubi
374 4115 470 4198 prima
498 4111 555 4176 suit
576 4111 801 4201 Hagarcnorum
830 4114 928 4193 sedec,
960 4115 1071 4205 ubique
1095 4140 1160 4181 cum
1182 4115 1328 4181 Idumacis
1346 4117 1415 4204 jure

295 4235 436 4302 connubii
467 4242 583 4326 cognati
613 4253 696 4303 erant
720 4236 811 4321 (Gen.
835 4239 975 4320 XXVIII,
999 4237 1046 4324 9).
1093 4239 1168 4306 Nam
1197 4240 1280 4328 quod
1302 4241 1414 4306 Paulus

294 4361 351 4421 ait:
382 4358 449 4444 ἥτις
472 4360 557 4428 ἐστὶν
570 4361 675 4448 Ἀγαρ
695 4403 730 4416 -
750 4358 787 4429 cd
809 4361 872 4452 γὰρ
895 4367 976 4432 Savo?
999 4362 1075 4456 ὅρος
1098 4364 1182 4431 ἐστὶν
1204 4363 1240 4430 ἒν
1261 4369 1297 4456 τῇ
1315 4359 1414 4453 ’Δρα-

292 4483 364 4566 βίᾳ,
389 4483 419 4547 id
442 4508 503 4552 non
527 4486 564 4551 ad
588 4489 714 4575 aliquem
737 4494 769 4554 in
790 4489 903 4556 Arabia
925 4505 1055 4557 montem
1078 4506 1210 4580 spectare
1234 4489 1336 4569 debet,
1362 4487 1414 4556 sed
