3166 5178
772 383 980 494 „A

323 597 456 662 litatione
483 617 626 681 usurpare
652 587 844 681 potuisse²)i
871 593 925 658 Vir
953 604 982 656 st
1003 591 1127 659 foemina
1153 590 1348 666 audierant,
1372 593 1436 654 sine

324 721 451 808 pudore3
475 742 593 807 serpens
617 719 672 790 suit
693 719 793 784 nudus
814 721 845 782 in
868 717 1001 782 omnbus
1030 715 1214 792 animalibus3
1238 737 1356 802 serpens
1378 716 1436 778 iste

323 850 354 912 iu
382 867 469 910 eausa
496 844 564 922 luit,
594 867 646 913 eur
673 845 848 930 protoplasti
876 866 913 914 se
927 843 1027 912 nudos
1050 863 1112 908 esse
1141 844 1308 927 reperirent.
1354 839 1437 904 Haec

324 975 420 1035 omnia
441 993 501 1036 uno
524 983 624 1036 tenore
647 981 783 1045 currunt,
806 988 892 1056 quem
918 969 1122 1054 intenupen‘s,
1146 969 1169 1030 si
1196 988 1250 1052 per
1271 969 1435 1051 interrupe-

323 1095 418 1160 dinem
441 1095 577 1180 subjicias
598 1107 760 1181 serpentem
775 1096 863 1158 istrun
878 1115 938 1158 non
952 1093 1078 1174 nudum,
1096 1091 1148 1156 sed
1163 1091 1316 1174 callidum,
1334 1065 1435 1154 lirisse.

411 1220 453 1284 At
476 1223 620 1284 enimvero
644 1241 755 1284 summa
782 1221 871 1282 totius
895 1221 936 1282 rei
961 1221 992 1281 in
1017 1217 1122 1304 triplici
1148 1219 1352 1302 imprecatione
1379 1218 1436 1278 rite

323 1343 539 1431 interpretanda
561 1357 702 1410 versatur.
735 1341 810 1407 Nam
831 1355 891 1408 tres
913 1364 1064 1429 personae,
1089 1345 1148 1406 sive
1171 1353 1299 1427 agentes,
1327 1339 1436 1428 quihus
1550 1397 1552 1401 .

324 1469 424 1536 drama
445 1470 502 1535 hoe
525 1469 725 1534 sustinendum
748 1467 882 1544 traditur,
907 1480 1045 1555 tanquam
1067 1471 1109 1532 rei
1132 1479 1160 1531 et
1183 1466 1435 1552 damnati'singu·

322 1597 375 1661 lari
389 1599 513 1684 qrsisque
534 1617 567 1660 ae
590 1597 710 1681 proprio
724 1602 869 1660 vexantur
890 1591 1083 1656 incommodo.
1119 1589 1254 1678 Serpeuti
1277 1593 1360 1666 enim,
1384 1593 1436 1676 qui

322 1721 434 1784 mulieri
466 1733 650 1805 persuaserat
682 1732 718 1784 ut
743 1723 864 1784 vetitum
898 1716 1025 1782 fructum
1051 1721 1114 1782 viro
1143 1740 1196 1782 suo
1225 1715 1435 1780 comedendum

323 1844 414 1920 daret,
438 1847 608 1930 injungitur,
632 1857 668 1909 ut
689 1843 803 1909 deflexo
826 1847 920 1930 eapite
943 1842 1093 1908 sordidum
1120 1841 1269 1928 pulverem
1290 1852 1435 1927 perpetuo

324 1970 456 2046 devoret,
479 1983 514 2033 ut
535 1981 651 2034 mutuas
678 1991 744 2033 eum
771 1969 889 2032 muliere
916 1970 1077 2038 inimicitias
1101 1978 1130 2030 et
1152 1979 1247 2032 struat
1269 1977 1298 2030 et
1319 1965 1434 2029 subeat.

323 2095 429 2159 Mulier
451 2107 546 2158 autem
570 2093 608 2157 ad
630 2095 718 2180 longa
740 2096 907 2178 gestationis
930 2092 1025 2158 taedia
1047 2105 1076 2156 et
1097 2095 1296 2179 parturitionis
1318 2090 1436 2154 labores

324 2219 578 2306 damnatur,quae
593 2222 709 2284 tametsi
730 2218 880 2305 praevidet
896 2217 979 2294 mala,
997 2217 1035 2282 ad
1056 2221 1110 2282 viri
1132 2217 1298 2304 amplexum
1321 2236 1437 2301 semper

323 2343 415 2408 libens
437 2343 567 2408 reditura
587 2347 633 2420 sit,
659 2346 779 2432 ejusque
795 2342 1019 2408 dominationem
1034 2341 1273 2428 redintegratum.
1302 2341 1436 2427 Denique

323 2473 368 2534 vir
389 2473 460 2556 ipse,
484 2481 519 2532 ut
534 2473 583 2556 qui
596 2481 665 2534 -tarn
689 2468 792 2556 cupide
808 2467 923 2533 oblatae
938 2467 1082 2552 voluptati
1104 2489 1134 2530 se
1150 2465 1286 2542 dedisset,
1309 2465 1347 2530 ad
1368 2487 1435 2530 mo-

324 2595 434 2658 lestiam
468 2607 497 2658 et
525 2563 661 2661 sudorem
696 2598 758 2681 agri
790 2593 902 2658 uolendi
930 2592 1102 2668 devovetur,
1132 2605 1161 2656 et
1188 2613 1277 2679 quum
1306 2590 1435 2654 divinum

324 2723 457 2805 spiritum
479 2732 595 2783 terreno
619 2722 759 2804 appetitui
781 2717 1008 2804 posthabuisset,
1030 2717 1068 2782 ad
1090 2739 1176 2782 suum
1195 2716 1345 2803 pulverem
1367 2727 1434 2802 post

323 2843 440 2908 brevius
467 2847 543 2908 vitae
572 2846 697 2929 spatium
730 2842 823 2906 redire
856 2845 977 2928 cogitur.
1030 2842 1117 2917 Quod
1147 2842 1185 2906 ad
1211 2843 1305 2906 virum
1333 2839 1436 2906 foemi-

323 2989 448 3055 namque
471 2970 581 3044 attinet,
607 2971 676 3030 satis
699 2978 780 3052 patet
799 2966 874 3030 hane
891 2969 1125 3053 imprecationem
1147 2949 1303 3053 praeeipuh
1323 2969 1435 3032 utnus-

242 3175 243 3178 ,
324 3113 380 3179 que
408 3113 496 3156 sexus
523 3091 707 3156 incommoda
730 3091 901 3156 describere.
947 3093 1097 3158 Mulierem
1126 3062 1201 3156 enim
1227 3095 1258 3156 in
1284 3091 1434 3177 pariendo,

323 3221 418 3280 virum
446 3228 542 3281 autem
569 3220 601 3280 in
629 3216 819 3282 sustentando
848 3217 969 3294 liberos,
993 3221 1120 3282 maxima
1142 3219 1218 3280 vitae
1244 3217 1340 3282 taedia
1367 3215 1434 3280 lati-

323 3355 403 3428 gant.
450 3342 534 3406 ,Haeo
560 3332 650 3428 igitur
677 3345 849 3408 narrationis
876 3341 957 3405 filum
986 3345 1099 3428 egregie
1127 3345 1306 3406 continuant.
1357 3337 1435 3404 Nihil

325 3471 398 3532 euim
428 3470 524 3553 aptius
553 3469 710 3553 excogitari
741 3479 841 3554 posset
868 3465 905 3530 ad
937 3487 1061 3552 poenam
1093 3466 1339 3553 protoplastorum
1369 3487 1435 3528 eum

325 3593 423 3678 eulpa,
449 3615 535 3679 quam
563 3595 646 3658 inse
675 3590 864 3666 admiserant,
889 3590 1096 3679 quadrandam.
1144 3589 1201 3664 Qui
1222 3589 1327 3676 gaudia
1349 3610 1435 3674 prae·

324 3719 413 3780 sentis
435 3712 524 3780 horae
546 3727 606 3780 tam
630 3716 733 3802 cupide
755 3728 953 3802 gustaverant,
977 3716 1072 3793 iidem,
1096 3737 1148 3780 nee
1174 3717 1325 3790 immerito,
1348 3735 1434 3800 prae·

324 3844 412 3904 sentis
446 3841 535 3904 horae
564 3840 679 3905 dolores
707 3863 741 3904 ac
770 3841 915 3906 molestias
949 3841 1004 3905 sihi
1033 3841 1264 3906 conciliaverunt.
1311 3837 1365 3903 Sin
1398 3839 1436 3904 ad

325 3977 485 4052 serpentem
514 3969 684 4042 transimus,
715 3977 743 4028 et
771 3964 826 4029 suh
854 3965 910 4030 hoe
938 3969 1054 4030 nomine
1085 3987 1196 4030 merum
1228 3963 1299 4029 illud
1331 3965 1436 4028 animal

324 4091 425 4179 reptile
446 4091 641 4178 intelligimus,
659 4089 729 4154 nihil
751 4089 823 4154 haee
839 4088 950 4154 confert
972 4094 1099 4156 narratio
1122 4089 1160 4154 ad
1182 4093 1350 4175 reptatiouis
1373 4111 1434 4152 ser-

397 4284 418 4345 ι)
441 4281 569 4346 Nonnulli,
589 4254 731 4354 quoesisse
749 4280 932 4346 schuntram,
951 4281 1035 4336 eodem
1054 4282 1157 4352 judicio,
1181 4281 1222 4336 aed
1241 4298 1356 4334 conversa
1377 4281 1434 4344 viee,

326 4379 566 4454 praesalutat)
585 4379 732 4434 transierunt
748 4388 853 4468 'aaran
868 4379 1037 4452 tntedtpeutea.
1055 4380 1124 4444 Quos
1142 4387 1220 4432 tamen
1239 4387 1367 4434 contextus
1386 4380 1435 4448 ipse

324 4476 439 4529 confutat.
