3160 5170
791 275 866 352 156

449 485 557 557 Utrum
578 488 718 556 mandata
739 488 835 575 ipsius
861 486 1044 568 observares,
1069 511 1178 558 annon.

267 631 433 688 neusvnrae]
450 615 531 703 Ergo
556 613 664 680 afflixit
685 625 729 691 te,
754 626 784 680 et
806 616 917 680 esurire
941 617 1023 690 sivit,

381 797 384 806 .
449 740 549 824 Quum
572 739 613 803 nil
636 741 694 804 nisi
715 761 864 805 mosomo
885 738 941 804 tibi
963 737 1133 827 praeberet,

450 864 517 948 Quo
542 861 608 929 cibo
631 885 686 930 nec
707 877 743 930 tu
765 886 818 930 nec
839 877 939 951 patres
961 867 1007 930 tui
1029 877 1115 932 antea
1136 865 1313 943 utebamini,
1386 903 1390 909 ·

449 987 490 1058 Ut
513 988 681 1056 ostenderet
703 987 758 1055 tibi
784 1011 846 1056 non
867 1011 944 1078 pene
966 1001 1082 1056 tanturn
1105 990 1254 1058 hominem
1277 973 1389 1072 vivere,

449 1113 510 1180 Sed
533 1136 712 1204 quocunque
735 1116 881 1194 abmcnto,
907 1114 990 1202 quod
1011 1114 1127 1211 debora
1148 1117 1372 1203 praescriberet.

266 1221 378 1330 ¹³2⁰‘1'3w
396 1253 428 1309 [⁶]
450 1241 531 1308 Haec
545 1238 636 1307 verba
651 1243 751 1329 igitur,
777 1263 852 1328 quae
866 1243 1016 1329 praecipio
1033 1240 1088 1306 tibi
1101 1241 1203 1322 bodie,
1226 1241 1388 1312 manebunt

851 1366 944 1431 infixa
966 1364 1049 1431 cordi
1072 1379 1136 1444 tuo,

393 1509 425 1564 [ι]
447 1490 561 1560 Eadem
581 1491 681 1558 liberis
704 1495 765 1560 tuis
788 1490 958 1569 inculcabis,

447 1617 487 1686 Et
508 1616 695 1686 meditaberis
719 1640 769 1695 ea,
800 1615 881 1684 domi
903 1615 1008 1684 sedens
1032 1630 1062 1684 et
1083 1621 1139 1686 iter
1161 1617 1286 1700 satiens,
1316 1618 1387 1687 dor-

853 1745 945 1808 miens
969 1756 999 1809 et
1020 1765 1212 1835 consurgens.

393 1887 426 1942 [s]
449 1869 529 1937 Haec
551 1870 639 1960 alliga
660 1882 802 1958 tanquam
824 1870 951 1957 insignia
973 1869 1111 1938 menibus
1134 1873 1211 1950 tuis,

448 1995 527 2062 Haec
550 1999 609 2061 sint
630 2008 772 2084 tanquam
795 1993 933 2060 bentalia
957 1996 1050 2063 oculis
1073 1999 1150 2075 tuis3

395 2141 427 2195 [e]
449 2121 529 2203 Haec
550 2119 690 2210 postibus
714 2133 744 2185 ct
767 2123 851 2186 ostiis
876 2120 982 2186 domus
1005 2135 1074 2188 tuae
1097 2119 1234 2188 inscribe.

378 2266 426 2320 [ιο]
451 2246 550 2333 Quum
573 2269 644 2314 vero
662 2246 778 2313 Jehova
799 2246 881 2312 Deus
904 2260 975 2312 tuus
998 2261 1028 2314 te
1050 2251 1082 2315 in
1104 2248 1183 2315 illam
1205 2261 1314 2316 terrem
1335 2248 1387 2316 de·

853 2373 986 2452 duxerit,

449 2497 544 2584 Quam
562 2498 759 2587 jurejurando
783 2497 919 2588 patribus
943 2501 1049 2567 restris
1067 2499 1249 2582 Abrabamo,
1273 2499 1384 2580 isaaco,

849 2623 972 2704 Jacobs,
997 2628 1149 2714 promisit,

381 2707 388 2714 ι
448 2749 548 2835 Quum
569 2749 623 2816 tibi
647 2749 761 2817 dederit
782 2747 871 2816 urbes
889 2752 1058 2840 magnificas
1074 2766 1104 2820 et
1119 2753 1285 2842 opulentas,
1309 2775 1384 2843 quas

849 2898 912 2942 non
935 2877 1109 2960 condidisti,

376 3020 423 3075 [ιι]
446 3003 561 3069 Demos
583 3001 686 3091 plenas
709 3013 880 3068 cunctarum
899 3026 1006 3090 opum,
1031 3025 1106 3093 quas
1120 3019 1183 3071 non
1198 3008 1382 3086 exstruxisti,

446 3129 568 3208 Puteos,
593 3150 670 3217 quos
693 3150 756 3196 nen
777 3127 895 3206 fodisti,
919 3131 1020 3196 virecta
1039 3141 1069 3196 et
1084 3131 1207 3209 oliveta,
1232 3153 1385 3221 quaeror

848 3255 1004 3341 plantasti,

447 3381 546 3466 Quum
568 3383 661 3469 igitur
683 3383 714 3446 in
736 3377 789 3446 tali
811 3382 898 3467 copia
920 3380 1080 3447 comederis
1097 3395 1127 3447 et
1141 3385 1265 3450 satiatus
1280 3380 1382 3460 fueris,

375 3524 423 3579 [ιι]
447 3505 526 3574 Cave
550 3506 705 3595 diligenter
726 3527 763 3572 ne
787 3505 969 3572 obliviscaris
992 3504 1139 3586 Jehovae,

448 3630 506 3717 Qui
528 3645 558 3698 tc
582 3630 617 3696 de
640 3643 719 3696 terra
740 3631 888 3720 Aegypti,
914 3631 953 3696 de
973 3632 1063 3698 domo
1087 3637 1239 3700 servitutis
1263 3632 1376 3701 eduxit.

375 3775 423 3830 [re]
448 3757 532 3824 Time
547 3757 692 3824 Jehevam
706 3756 803 3824 Deum
825 3771 925 3836 tuum,
951 3759 1040 3826 colito
1064 3781 1145 3839 eum,
1165 3760 1237 3846 jura
1256 3782 1311 3847 per
1327 3782 1385 3826 no·

849 3905 916 3950 rnen
939 3886 1012 3971 ejus.

375 4026 422 4082 [ιι]
445 4007 490 4076 Νι
513 4010 690 4077 sectaminor
713 4009 824 4076 alienos
845 4009 936 4088 Deos,
961 4030 1038 4099 quos
1061 4011 1176 4078 accolae
1198 4013 1290 4078 vestri
1310 4009 1385 4078 ado-

847 4147 930 4214 rant3

376 4280 423 4336 [ιι]
449 4261 598 4350 Quoniam
619 4260 735 4333 Jehcva
756 4261 837 4330 Deus
864 4271 937 4327 tuus
966 4261 1022 4328 tibi
1049 4277 1169 4354 praesto
1196 4263 1281 4334 adest
1301 4264 1383 4332 Deus

848 4388 995 4456 aemulus:
