3152 5160
758 389 963 500 *136-

306 593 364 674 ταῖς
385 599 582 685 παρατάξεις
604 596 835 684 deterrimarum«
882 597 965 682 Quae
989 620 1080 686 quum
1107 601 1149 663 ita
1172 601 1247 676 sint,
1275 621 1330 686 per
1352 599 1424 664 mihi

306 729 412 790 mirum
435 725 594 826 uideretur,
619 727 645 789 si
668 725 806 790 conditor
827 727 923 812 gentis
939 725 1093 808 Idumaeae
1117 724 1227 788 nullam
1250 723 1423 811 appellatio·

306 873 373 916 nem
394 849 531 928 haberet,
560 873 634 937 quae
657 854 806 918 nationem
830 849 955 936 praedae
979 863 1008 914 et
1029 851 1149 915 militiae
1173 849 1301 914 deditam
1325 851 1423 936 expri-

306 989 411 1053 meret,
445 976 556 1040 nullam
590 989 706 1062 praeter
734 976 953 1063 designationes
982 975 1046 1040 illas
1076 975 1229 1062 sylvestris
1259 986 1288 1038 et
1314 973 1423 1040 rubrae

305 1103 445 1188 regionis.
489 1100 568 1166 Fieri
590 1114 691 1188 potest
713 1114 748 1166 ut
770 1103 922 1188 sanguinis
946 1099 1095 1188 quandam
1117 1099 1362 1188 signffieationem
1386 1120 1424 1163 ex

304 1225 412 1290 Edomi
441 1229 559 1290 nomine
588 1229 763 1312 expisceris,
793 1226 885 1290 veluti
914 1248 1006 1312 quum
1029 1225 1140 1290 lesaias
1169 1225 1227 1289 hoc
1254 1246 1362 1289 nomen
1386 1222 1424 1288 ad

306 1350 431 1416 effusum
454 1373 588 1416 cruorem
610 1349 700 1416 refert
723 1346 848 1434 (LXIII,
872 1346 1002 1433 1-3),
1032 1362 1084 1415 aut
1107 1371 1199 1436 quum
1221 1349 1422 1436 Hieronymus

287 1457 359 1560 ¹(de
381 1477 554 1542 nominibus
578 1487 607 1541 et
627 1476 702 1542 locis
715 1467 842 1560 enodis)
860 1475 994 1563 loquitur
1010 1474 1046 1540 de
1060 1474 1247 1558 Adommina,
1272 1472 1423 1561 quondam

305 1601 406 1665 villula
428 1603 460 1666 in
483 1615 563 1666 sorte
585 1601 682 1668 tribus
700 1601 810 1667 Iudae:
834 1603 908 1688 »qui
927 1601 1041 1677 locus«,
1065 1602 1176 1686 inquit,
1201 1620 1317 1686 rusque
1332 1597 1423 1664 hodie

304 1739 430 1790 vocatur
451 1726 670 1793 Maledomim:
693 1741 722 1792 ct
745 1725 854 1792 Graece
878 1725 986 1791 dicitur
1009 1720 1167 1806 ἀνάβασις
1188 1727 1337 1810 πυρρῶνε
1365 1724 1423 1789 La·

304 1853 365 1915 tine
395 1864 491 1916 autem
520 1853 662 1940 appellari
688 1864 790 1939 potest
812 1873 954 1916 ascensam
975 1850 1131 1938 ruffoeum
1153 1853 1216 1916 sive
1238 1851 1420 1932 rubentium,

304 1988 428 2061 propter
450 1980 622 2064 sanguinem
646 1979 698 2063 qui
720 1977 779 2041 illic
801 1975 905 2040 crebro
929 1973 1126 2040 alatronibus
1142 1973 1287 2041 funditur.
1323 1973 1422 2059 Hujus

305 2103 418 2164 cruenti
440 2112 470 2164 et
492 2104 673 2188 sanguinarii
695 2101 753 2165 loci
772 2101 918 2166 Dominus
943 2122 1063 2187 quoque
1086 2101 1117 2164 in
1131 2098 1279 2164 Parabola
1303 2099 1422 2164 deseen-

305 2224 400 2290 dentis
423 2226 572 2291 Jerichum
595 2225 631 2290 de
654 2225 863 2313 Hierosolyma
885 2225 1089 2290 recordatum«
1126 2223 1215 2307 Quod
1238 2227 1264 2290 si
1286 2237 1351 2288 tota
1373 2224 1423 2288 illa

303 2349 456 2416 Idumaeae
478 2353 561 2439 regio
584 2364 644 2416 tam
667 2365 797 2417 atrocem
821 2351 1054 2438 designationem
1069 2363 1193 2438 propter
1208 2349 1310 2416 crebra
1325 2350 1422 2415 homi-

305 2475 380 2541 cidia
408 2489 557 2562 portaret,
591 2479 642 2541 vix
673 2476 809 2543 credibile
838 2488 883 2540 est
912 2476 989 2541 illam
1017 2498 1071 2563 per
1100 2497 1131 2540 se
1160 2478 1232 2540 satis
1262 2475 1422 2562 simplicem

303 2601 515 2690 etymologiam
536 2625 637 2667 omnes
661 2605 820 2689 scriptores
843 2624 943 2666 sacros
958 2601 1089 2666 latuisse.
1124 2601 1189 2666 Jam
1205 2622 1277 2665 vero
1292 2599 1422 2666 breviter

303 2725 465 2813 exponam,
495 2748 570 2814 quae
593 2749 639 2791 me
662 2739 835 2814 argumenta
857 2727 1042 2814 impulerint,
1074 2740 1109 2793 ut
1132 2725 1247 2792 credam
1270 2725 1423 2794 Lameclee'

302 2873 425 2928 nomen,
456 2849 539 2937 quod
566 2862 722 2939 utramque
743 2850 983 2916 Patriarcharum
1004 2850 1291 2917 antediluvianorum
1315 2873 1422 2939 genea-

302 2974 410 3061 logiam
433 2977 556 3053 invasit,
580 2975 682 3064 ibique
702 2977 829 3042 alienum
844 2975 970 3041 fundum
985 2980 1168 3065 usucapione
1184 2976 1328 3054 obtinuit,
1352 2976 1422 3042 Idu-

303 3119 453 3163 maeorum
487 3123 602 3187 proavo
636 3101 851 3168 restituendum
886 3123 965 3180 esse,
1001 3115 1089 3190 atque
1119 3105 1229 3190 optime
1258 3123 1421 3190 congruere

302 3223 474 3289 cantilenam
503 3226 597 3304 illam,
628 3226 776 3313 quamde
800 3225 890 3292 feroci
916 3249 1075 3314 parvarum
1098 3229 1273 3314 injuriarium
1295 3226 1420 3304 ultione,

302 3369 368 3414 curn
392 3353 529 3417 universa
551 3351 642 3418 Esavi
663 3351 930 3440 Idumaeorumque
953 3351 1088 3418 historia.

388 3474 432 3540 De
454 3477 601 3544 Lamacho
630 3478 681 3542 illo
705 3476 777 3544 haec
800 3476 956 3542 dumtaxat
976 3476 1097 3563 prodita
1120 3491 1200 3544 sunt.
1245 3477 1339 3543 Filius
1364 3473 1423 3544 luit

299 3598 555 3686 Metlosleelacdi,
586 3616 616 3668 et
643 3601 718 3668 duas
747 3603 835 3668 duxit
862 3623 974 3668 uxores
1002 3602 1108 3668 Adam
1136 3616 1165 3668 et
1194 3603 1329 3670 Tsilloro.
1376 3603 1421 3670 De

299 3725 386 3788 tertia
405 3721 506 3790 Eecoi
527 3749 637 3806 uxore,
660 3728 774 3794 Ismaeli
796 3728 870 3805 lilia,
894 3751 956 3793 non
980 3741 1096 3794 constat
1115 3739 1217 3794 utrum
1238 3751 1273 3794 ea
1286 3727 1420 3796 Maelia-

300 3847 394 3934 atta,
419 3844 505 3932 (Gen.
521 3850 663 3931 XXVIII,
688 3849 722 3935 9)
746 3874 784 3918 an
798 3852 973 3920 Basmatleu
991 3848 1078 3935 (Gen.
1095 3852 1242 3932 XXXVI,
1260 3849 1294 3936 3)
1319 3854 1421 3940 appel-

298 3973 418 4040 laretur.
466 3975 526 4042 Sed
553 3977 657 4042 Illonis
685 3978 759 4055 filia,
790 3999 879 4064 quam
907 3981 1032 4064 primam
1061 3978 1162 4055 duxit,
1198 3977 1273 4042 nea
1302 3972 1419 4081 (r'l'JIJ)

299 4099 462 4165 vocabatur
482 4097 569 4183 (Gen.
585 4101 732 4179 XXXVI,
750 4098 799 4184 2),
822 4115 851 4168 et
872 4101 1037 4189 occupabat
1057 4106 1143 4169 etiam
1165 4101 1323 4168 secundam
1340 4103 1419 4168 illam

296 4223 480 4291 ismaelitidis
497 4225 729 4315 designationem
743 4220 882 4330 ΠᾨΨξ,
906 4250 981 4316 quae
997 4241 1163 4293 aromatum
1180 4227 1303 4292 odorem
1318 4226 1418 4294 refert

299 4347 396 4430 Quum
420 4351 501 4416 nulla
525 4354 564 4416 sit
580 4349 729 4418 Jodtetae
751 4322 911 4444 (mantnt)
935 4374 988 4416 nee
1010 4356 1104 4440 patris
1127 4355 1214 4418 istius
1232 4351 1318 4418 Beeri
1334 4351 1419 4418 Chit-

297 4476 353 4540 taei
378 4471 470 4556 (Gen.
494 4475 610 4555 XXVI,
635 4473 697 4560 34)
727 4479 836 4543 mentio
860 4447 891 4542 in
918 4477 1008 4544 altera
1030 4499 1162 4546 uxoretm
1185 4480 1416 4556 enumeratione,
