3152 5160
844 319 919 390 130

319 531 468 620 crepantia
490 532 566 604 iuter
583 527 714 596 Esavtun
737 541 766 592 et
781 527 925 594 iacobum
949 531 1081 593 emineat.
1119 525 1213 610 Quam
1238 549 1299 616 quo
1322 527 1442 592 tandem

318 668 405 741 pacto
430 655 533 720 melius
557 651 673 730 efficies,
699 675 787 740 qttam
811 655 836 716 si
859 653 935 718 hanc
957 651 1080 719 ultiouis
1104 665 1134 716 et
1156 651 1302 718 vindictae
1325 651 1443 738 proles-

319 783 433 864 siopem
454 801 593 844 verorum
615 778 812 844 Israelitarum
835 777 981 864 relligioni
1006 799 1150 867 oppones,
1176 798 1252 864 quae
1274 789 1375 866 aperte
1390 799 1443 840 ve-

317 907 377 972 tuit
398 927 435 968 nc
460 907 526 992 quis
550 906 678 970 vicinum
703 925 790 968 suum
815 902 884 967 odio
908 901 1053 966 haberet?
1080 900 1160 986 Quid
1183 901 1218 966 de
1242 902 1298 968 hac
1320 925 1351 968 re
1374 925 1444 968 scn-

319 1032 390 1094 scrit
418 1029 565 1104 Dominus
596 1042 699 1094 noster
727 1040 827 1116 aperte
856 1027 1034 1092 declaratum
1064 1040 1108 1092 est
1139 1049 1173 1094 eo
1204 1027 1286 1106 loco,
1323 1030 1375 1115 qui
1403 1027 1446 1092 ad

318 1155 456 1221 Lamechi
479 1154 653 1221 cantilenam
674 1152 756 1221 haud
780 1151 905 1218 obscure
928 1155 1048 1240 respicit
1071 1147 1191 1235 (Matth.
1210 1153 1321 1229 XVlll,
1338 1147 1394 1234 22)
1409 1145 1443 1234 ¹).
1471 1189 1480 1208 ι

408 1279 546 1346 Ceterum
569 1279 608 1343 ad
629 1279 743 1366 reliqua
766 1290 894 1343 transeo.
942 1275 1019 1342 Tria¹
1038 1291 1109 1342 sunt
1131 1281 1252 1342 nomina
1275 1299 1351 1365 quae
1374 1299 1445 1342 cum

318 1403 423 1471 Jacobi
445 1406 571 1470 historia
594 1417 672 1469 arcte
696 1405 854 1490 conjuncta
877 1415 962 1480 sunt,
990 1402 1132 1488 Belle-el,
1155 1403 1291 1487 ttae-et,
1308 1403 1448 1470 Pence-el

319 1529 366 1593 vel
380 1529 513 1614 Perti-el,
539 1551 667 1617 quorum
689 1530 792 1616 priora
814 1528 874 1592 duo
898 1551 961 1592 non
984 1528 1072 1593 semel
1096 1528 1302 1616 explanantur.
1342 1527 1443 1614 Quum

319 1667 416 1720 tamen
439 1657 470 1719 in
493 1654 616 1742 simplici
639 1667 810 1741 poematum
833 1657 963 1732 ratione,
995 1655 1090 1741 qualis
1115 1653 1173 1718 luit
1194 1654 1359 1720 lasharaua
1382 1654 1445 1718 col·

318 1781 415 1858 lectio,
440 1783 492 1844 vix
510 1780 573 1844 fieri
589 1782 702 1868 possit,
727 1792 762 1844 ut
776 1779 877 1867 plures
893 1781 1046 1844 incurrant
1061 1779 1191 1864 ejusdem
1206 1783 1334 1844 nominis
1350 1782 1445 1867 signi·

318 1905 480 1983 ficationcs,
506 1905 707 1991 quaerendum
725 1917 784 1983 est,
810 1918 878 1970 utra
894 1907 933 1971 sit
947 1907 1099 1992 antiquior
1114 1917 1202 1992 atque
1218 1905 1327 1970 idcirco
1343 1907 1445 1968 verior

319 2032 476 2117 utriusque
493 2029 630 2094 vocabuli
653 2031 768 2095 relatio.
804 2031 869 2096 lam
885 2053 956 2096 vero
975 2030 1209 2122 designationem
1223 2029 1359 2114 But-et,
1383 2033 1402 2095 i.
1417 2052 1443 2093 e.

320 2154 455 2218 »Domus
479 2155 554 2218 Dei«
585 2159 694 2242 optime
724 2155 869 2244 quadrare
897 2159 929 2220 in
958 2158 1104 2220 somnium
1135 2155 1208 2221 illud
1235 2155 1355 2232 lacobi,
1390 2154 1445 2220 ubi

319 2278 395 2343 vidit
418 2279 545 2344 »scalam
568 2292 661 2345 terrae
686 2284 834 2359 innixam,
861 2293 889 2345 et
905 2281 1018 2346 coelum
1033 2283 1261 2368 pertingentem,
1285 2301 1444 2368 perquam

320 2403 374 2469 Dei
408 2408 535 2470 ministri
569 2406 758 2472 ascendentes
789 2420 818 2471 et
853 2406 1060 2472 descendentes
1097 2405 1368 2492 conspiciebantur,
1405 2429 1446 2470 ex

320 2552 434 2596 summa
462 2543 560 2598 autem
589 2532 667 2596 scala
690 2532 806 2598 lehova
833 2535 897 2620 ipse
927 2531 1119 2596 dormientem
1142 2531 1343 2596 Patriarcham
1371 2531 1447 2596 allo·

309 2641 487 2743 'quebaeum
511 2651 598 2739 (Gen.
615 2655 755 2736 XXVllI,
777 2652 912 2740 1213),
938 2679 1037 2722 omnes
1062 2656 1225 2722 concedant
1246 2679 1365 2722 necesse
1387 2670 1444 2722 est.

319 2778 394 2845 Nam
417 2793 452 2846 ut
473 2794 585 2846 taceam
608 2781 643 2848 de
661 2804 727 2848 vere
751 2782 899 2870 relligiosa
923 2795 952 2846 et
973 2781 1033 2846 fere
1057 2781 1177 2848 sublimi
1199 2781 1250 2846 illa
1263 2781 1368 2847 laeobi
1391 2804 1445 2846 ex-

321 2906 508 2970 clamatione:
539 2927 649 2994 rquam
672 2905 811 2972 terribilis
836 2920 881 2972 est
903 2908 952 2972 hic
974 2907 1073 2972 locus!
1105 2908 1177 2972 haec
1199 2920 1245 2975 est
1267 2907 1353 2971 aedes
1376 2906 1442 2984 Dei,

320 3029 393 3094 haec
416 3043 461 3094 est
481 3044 571 3118 porta
595 3032 688 3098 coeli«
713 3026 797 3114 (ibid.
818 3029 881 3116 17),
907 3037 1071 3099 meminisse
1088 3046 1208 3120 oportet
1222 3031 1444 3098 tabernaculum

319 3153 446 3220 foederis
468 3158 501 3220 in
522 3155 597 3221 urbe
618 3156 732 3222 Bectet
751 3157 850 3224 sedem
873 3157 1013 3223 hahuisse
1038 3153 1120 3240 (lud.
1136 3157 1211 3236 XX,
1232 3155 1281 3223 18.
1306 3157 1393 3234 XXI,
1407 3151 1442 3221 2.

321 3276 337 3343 1
357 3277 437 3344 Sam.
453 3279 498 3360 X,
517 3277 566 3364 3);
590 3281 714 3361 scilicet,
739 3283 893 3362 hocloco,
918 3306 957 3348 ex
974 3295 1070 3348 mente
1085 3285 1220 3370 priorum
1234 3281 1442 3359 Israelitarum,

319 3403 484 3472 benedictio
515 3408 565 3470 illa
589 3405 690 3474 Shemi
720 3408 758 3472 ad
785 3408 872 3474 finem
903 3383 1003 3474 evecta
1032 3421 1093 3496 est3
1122 3406 1163 3472 ihi
1193 3411 1271 3473 enim
1293 3407 1382 3476 Deus
1409 3409 1445 3471 in

319 3531 526 3598 tabernuculis
554 3531 661 3598 Slteme'
687 3532 854 3598 latitabat.
900 3533 1001 3621 Atque
1028 3534 1105 3598 hanc
1133 3535 1277 3597 visionem
1306 3531 1344 3597 ad
1371 3554 1445 3596 ven·

319 3668 420 3722 turum
450 3657 524 3722 illud
553 3670 671 3746 tempus
701 3662 909 3746 prospexisse,
940 3658 993 3724 uhi
1022 3659 1126 3724 altiore
1149 3680 1238 3722 sensu
1262 3656 1342 3720 Deus
1366 3659 1445 3720 inter

317 3781 463 3846 Israelitas
488 3780 672 3869 ἐσκήνωσεν,
697 3796 801 3850 auctor
824 3797 869 3848 est
883 3784 970 3849 lesus
991 3787 1070 3872 ipsc,
1095 3786 1146 3871 qui
1163 3783 1198 3848 dc
1215 3779 1443 3848 christianismo

319 3909 396 3973 inter
424 3908 558 3974 homines
590 3932 647 3996 ope
669 3909 770 3974 Divini
794 3907 925 3995 Spiritus
955 3913 1117 3974 constituto
1146 3910 1273 3996 loquens
1300 3911 1341 3972 sic
1364 3905 1444 3972 latus

320 4046 379 4097 est:
410 4027 511 4118 duda,
539 4028 641 4117 ἀμήν,
669 4032 751 4114 λέγω
780 4029 856 4116 ὑμῖν
879 4033 1008 4122 ὄψεσθε
1034 4030 1092 4101 τὸν
1115 4028 1255 4122 οὐρανὸν
1278 4024 1445 4122 ἀνεῳγότα

408 4226 427 4292 ¹)
454 4223 586 4278 Neminem
615 4225 703 4280 latebit
728 4228 842 4299 geminas
871 4227 928 4281 illas
957 4227 1142 4294 cantiunculas,
1168 4243 1235 4297 ¹quaa
1264 4233 1355 4298 quarto
1384 4225 1445 4279 huie

321 4322 474 4395 Fragmenta
499 4325 596 4378 inserui
614 4325 695 4392 (Gen.
709 4325 755 4414 lV,
774 4324 817 4394 23,
830 4325 874 4384 at.
892 4327 979 4392 XXV,
992 4323 1056 4396 23),
1080 4325 1185 4397 proprio
1205 4325 1317 4395 quodam
1337 4323 1444 4378 artificio

320 4421 428 4476 eundem
448 4429 578 4478 auctorem
596 4423 712 4494 prodere.
