3152 5160
614 346 820 458 ..IL

150 561 260 622 dmum
290 557 425 622 eoelestia
453 556 564 622 lumina
590 578 652 622 non
675 555 801 622 absimili
824 558 1027 646 designatione
1049 559 1271 647 compellabant.

152 680 253 766 Quum
275 685 352 747 enim
375 681 473 747 stellas
496 685 527 746 in
549 682 621 769 polo
644 685 784 748 micantes
807 681 999 750 intuebantur
1020 697 1162 773 tanquam

336 802 504 890 λαμπροὺς
528 805 689 882 δυνάστας
711 803 934 891 ἐμπρέποντας
956 806 1082 894 αἰθέρι,

150 931 229 996 illico
253 933 433 1020 cogitatione
456 930 512 996 sibi
535 934 690 1020 imaginem
714 931 922 1020 confingebant
937 936 1083 1000 exercitos
1100 937 1162 999 sive
1177 935 1270 1012 chori,

151 1060 204 1144 qui
218 1055 351 1122 Jebovaa
374 1056 512 1122 mandata
535 1069 747 1144 exsequeretur
761 1058 808 1122 val
831 1058 895 1144 ejus
918 1057 1020 1125 laudes
1037 1072 1161 1124 caneret.
1196 1059 1272 1126 Hinc

150 1185 182 1247 in
210 1185 276 1270 ipsa
305 1184 462 1247 creationis
489 1183 615 1248 historia
643 1185 769 1270 legimus
792 1183 888 1248 Deum
916 1182 1077 1250 confecisse
1106 1184 1220 1250 coelum
1243 1198 1272 1252 et

149 1320 259 1373 terram
288 1319 318 1371 et
346 1318 444 1372 totum
472 1309 639 1374 exercitum
667 1330 771 1374 eorum
797 1283 1040 1414 (02³2ssbe
1072 1307 1145 1374 Gen.
1167 1308 1206 1386 ll,
1228 1305 1269 1391 1).

148 1431 281 1498 Iacobus
304 1453 388 1498 mane
411 1454 550 1521 surgens,
575 1447 610 1498 ut
632 1446 802 1521 susceptum
816 1437 872 1500 iter
885 1403 1053 1523 perageret,
1077 1438 1108 1500 in
1123 1434 1271 1502 stellatum

150 1558 265 1624 coelum
289 1560 470 1645 suspiciens,
503 1559 596 1624 »baec
619 1571 691 1624 sunt
713 1571 809 1624 castra
831 1559 920 1636 bet«,
950 1562 1062 1646 inquit,
1094 1559 1270 1648 »locumque

150 1683 212 1748 daeo
236 1693 339 1750 cestro
362 1677 518 1787 (Εξξῃΰ)
543 1687 662 1750 vocavit
684 1681 771 1768 (Gen.
787 1683 917 1762 XXXII,
935 1678 979 1767 3).
1024 1683 1101 1750 Hinc
1123 1684 1270 1772 propbeta

148 1808 236 1896 fingit
258 1831 290 1872 se
313 1807 412 1876 videre
427 1779 572 1874 deboram
594 1812 625 1874 in
648 1810 724 1874 solio
749 1809 911 1887 sedentem,
937 1821 967 1874 ct
980 1819 1077 1876 totam
1091 1809 1169 1876 coeli
1183 1833 1269 1878 eam

149 1934 244 1998 σι’ὐιιιιι
267 1926 421 2038 (ῦξῖῼξᾞ
446 1910 633 2038 ἓξὲξ-ΗᾎῚ)
656 1948 782 2000 stantem
804 1957 822 2000 a
845 1934 950 2000 dextra
969 1932 1268 2025 etsini'stra(1Reg.

148 2058 248 2136 XXII,
269 2056 332 2141 19).
368 2060 444 2142 Hinc
458 2029 540 2124 Deus
562 2062 594 2125 iu
607 2029 692 2126 libro
708 2059 778 2126 tobi
794 2055 978 2142 (XXXVIII,
996 2058 1030 2143 7)
1046 2060 1082 2128 de
1097 2081 1152 2127 sua
1166 2061 1270 2128 mundi

149 2187 296 2250 creatione
319 2185 445 2273 loquens
468 2187 524 2250 ait:
548 2207 661 2273 ’quum
679 2207 724 2250 me
741 2185 902 2251 laudabant
918 2186 1006 2252 sbuul
1021 2200 1101 2252 astra
1114 2190 1268 2264 matutina,

149 2323 179 2374 et
208 2307 380 2395 jubilabant
413 2331 514 2376 omnes
542 2310 595 2376 filii
622 2310 678 2376 Dei
692 2303 746 2393 ¹).«
799 2309 935 2394 Quocum
963 2310 1097 2378 conseras
1125 2315 1269 2378 visionem

147 2433 262 2500 lesaiae
286 2431 355 2517 (Vl,
376 2432 390 2499 1
409 2429 505 2523 sqq),
536 2439 587 2523 qui
614 2436 759 2523 triplicem
789 2435 881 2502 divini
910 2440 1039 2502 numinis
1062 2437 1269 2504 salutationem

148 2559 371 2649 apparitoribus
393 2561 464 2637 ibis,
489 2563 541 2649 qui
564 2561 611 2627 vel
633 2559 767 2626 serebant
789 2561 835 2627 vel
858 2559 1009 2648 stipabant
1028 2561 1161 2628 lehovae
1183 2562 1268 2628 tbro·

148 2709 236 2762 num,
262 2685 500 2752 committendam
522 2699 629 2752 censet.
664 2685 818 2752 Pertinent
835 2687 909 2752 hace
925 2689 1024 2753 omnia
1039 2687 1078 2752 ad
1091 2687 1268 2754 invisibilem

148 2811 204 2877 Dei
236 2812 419 2896 majestatem
452 2810 614 2898 symbolis,
650 2833 726 2900 quae
760 2815 839 2878 cerni
868 2815 1000 2898 possint,
1036 2812 1266 2902 significandam.

149 2935 250 3020 Quum
272 2950 370 3003 autem
391 2950 568 3024 potestatem
591 2937 684 3016 illam,
710 2959 799 3026 ιῃιιιιι
817 2937 899 3004 Deus
922 2941 953 3003 in
975 2938 1118 3006 mundum
1142 2954 1266 3018 exercet,

148 3061 295 3130 declarare
310 3062 433 3140 vellent,
459 3062 497 3128 ad
520 3085 555 3128 ea
577 3085 705 3152 superna
724 3064 928 3152 phaenomena
943 3064 1167 3155 confugiebant,
1192 3088 1267 3156 quae

146 3201 256 3254 terram
276 3191 404 3276 propius
420 3191 579 3276 attingtmt.
613 3189 659 3255 lta
671 3188 781 3266 nubes,
807 3203 896 3256 vento
912 3194 1052 3280 agitatae,
1077 3195 1162 3280 quasi
1178 3213 1267 3258 curru

225 3471 244 3539 ¹)
265 3461 335 3525 Nihil
359 3469 428 3526 aliud
451 3469 592 3544 significare
611 3471 734 3544 hymnum
754 3469 873 3528 eeclesiae
893 3475 934 3526 Te
951 3473 1040 3527 Deam
1058 3480 1084 3526 et
1103 3475 1267 3542 redemptam

146 3570 334 3636 EuebariatIae,
360 3587 435 3640 mam
455 3586 543 3626 omnes
562 3567 626 3624 eoeli
644 3577 786 3641 potestates
803 3569 858 3626 ttee
872 3568 1014 3642 jubilantes
1032 3567 1183 3636 acelamare,
1204 3571 1267 3626 satia

147 3666 222 3724 docet
239 3669 342 3724 initium
360 3666 456 3724 Psalmi
470 3666 551 3722 XIX:

307 3763 414 3820 Goelum
433 3773 532 3820 enarrat
548 3764 657 3838 gloriam
675 3763 735 3829 Ilei,

306 3863 451 3919 Annuntiat
469 3862 555 3918 aether
574 3879 639 3934 opus
659 3861 725 3932 ejus.

306 3962 338 4016 ld
357 3961 486 4034 quaelibet
503 3961 558 4016 dics
577 3967 770 4024 commemorat,

305 4058 337 4116 ld
356 4059 485 4132 quaelibet
503 4075 556 4114 nox
573 4057 699 4132 loquitur.

305 4156 382 4214 Nulla
400 4164 440 4211 eat
456 4155 559 4232 lingua,
576 4155 648 4212 nulla
666 4154 789 4212 dialectus

227 4235 231 4244 ’
306 4257 337 4310 lu
356 4273 406 4327 qua
424 4272 476 4310 nou
494 4254 634 4310 audiuntur
652 4253 696 4309 illa
715 4253 806 4327 elogia.

306 4355 356 4408 Per
373 4361 458 4408 totum
475 4361 600 4410 terrarum
618 4353 706 4407 orbem
725 4370 782 4407 aaee
802 4351 923 4406 diffundit
941 4368 1029 4406 eorum
1049 4369 1137 4418 sonus,

305 4451 348 4510 Ad
365 4460 493 4512 exuemus
511 4453 626 4512 universi
644 4451 708 4510 lines
726 4449 844 4524 pervadit
861 4467 948 4508 eorum
968 4467 1061 4508 sermo.
