3164 5176
738 332 951 448 Q

285 561 382 638 parot,
412 559 536 612 vocatur
563 538 649 651 fllp'l}
677 518 804 650 ¹:18⁸·th
834 547 961 610 nuncius
984 547 1047 609 sive
1069 544 1184 633 legatus
1208 544 1341 612 deborae
1354 541 1410 630 ¹).«

285 674 427 740 Homines
449 694 501 736 eos
525 693 602 758 quos
623 675 666 736 ita
689 682 858 734 exsecratur
879 669 982 748 Vates,
1007 667 1184 736 Canaanitas
1208 671 1314 750 fuisse,
1345 695 1409 738 non

285 797 446 874 Hebraeos,
470 800 533 883 ipsc
548 796 606 861 loei
619 796 711 882 hujus
726 795 939 882 parallelismus
958 794 1097 860 ostendit.
1126 796 1291 874 Praeterea,
1312 798 1410 863 lsrae-

285 925 403 990 litarum
418 924 521 987 merita
536 933 565 986 et
581 934 701 1008 peccata
718 922 781 1008 jam
803 933 889 986 antea
912 934 1130 987 enumerantur.
1169 921 1225 987 Hie
1247 926 1348 1010 agitur
1371 924 1409 988 de

285 1053 386 1116 mixtis
403 1046 547 1114 Galilaeae
569 1048 683 1124 incolis,
709 1068 838 1134 quormn
852 1068 907 1134 per
922 1069 1010 1135 agros
1026 1050 1152 1112 transire
1167 1045 1294 1114 debebat
1308 1052 1409 1114 victus

286 1173 386 1242 Siarae
409 1177 564 1238 exereitus.
599 1174 665 1239 lam
680 1195 761 1250 vero,
786 1149 878 1260 quum
901 1194 1003 1260 pugna
1026 1175 1183 1237 commissa
1206 1185 1283 1240 esset
1297 1176 1330 1237 in
1347 1173 1411 1238 Ta-

286 1301 435 1378 banacho‚
459 1299 498 1364 ad
521 1321 612 1387 aquas
635 1296 839 1387 Megiddonis,
862 1296 958 1385 fugati
980 1310 1078 1362 autem
1100 1299 1202 1363 hostes
1227 1297 1409 1366 Chatzorem

286 1447 399 1503 versus,
422 1429 442 1489 i.
460 1447 484 1489 e.
508 1428 538 1488 in
562 1424 819 1512 septentrionalem
842 1424 1006 1510 regionem,
1032 1423 1231 1490 discurrerent
1253 1419 1306 1506 (-
1334 1428 1409 1490 mira

286 1564 331 1616 est
358 1553 435 1615 enlm
457 1549 605 1616 Heudoris
634 1552 743 1614 mentio
766 1551 799 1613 in
819 1547 938 1612 Psalmo
961 1549 1122 1614 LXXXIII.
1146 1574 1175 1615 v.
1195 1545 1265 1632 10),
1297 1551 1409 1616 devota

284 1677 335 1741 illa
355 1676 463 1741 ultioni
485 1674 557 1741 urbs
581 1679 657 1741 inter
674 1671 896 1740 Tadaoacdum
919 1686 948 1738 et
964 1672 1146 1740 Cbatzorem
1169 1678 1226 1740 sita
1248 1674 1338 1740 suerit
1354 1699 1410 1740 nc-

286 1823 365 1866 cesse
389 1813 442 1866 cst.
478 1799 512 1866 Si
535 1814 632 1866 autem
656 1800 694 1865 ad
709 1799 827 1865 Joouoe
843 1798 966 1876 librum,
991 1822 1054 1887 cap.
1067 1799 1131 1865 XII.
1149 1825 1178 1866 v.
1193 1798 1232 1867 19
1248 1805 1406 1888 respicitis,

284 1947 368 2014 reges
392 1926 553 1992 debedatos
576 1928 634 1992 hoc
658 1925 760 1991 ordine
781 1929 941 1989 recensitos
957 1928 1128 1990 invenietis:
1153 1921 1240 1991 ‘Rex
1254 1925 1406 2005 Madonis,

284 2073 339 2116 rex
361 2049 529 2130 Chatzoris,
553 2075 607 2118 rex
631 2051 968 2127 Shimronis-Meronis,
992 2073 1047 2116 rex
1068 2051 1242 2139 Alnshaphi,
1267 2074 1321 2117 rex
1345 2052 1408 2118 Ta-

284 2177 425 2254 hannem,
454 2200 509 2244 rex
536 2177 757 2266 Megiddonis.«
794 2176 895 2264 Atque
924 2179 1030 2240 iterum
1059 2179 1091 2240 In
1121 2199 1145 2240 e.
1161 2176 1212 2242 XI.
1237 2201 1266 2242 v.
1287 2177 1320 2256 1,
1351 2201 1408 2244 rex

286 2301 443 2369 Chatzoris
466 2307 604 2368 convenit
618 2323 702 2390 reges
716 2300 865 2378 Madonis,
891 2298 1068 2379 SbImronis,
1093 2315 1123 2366 et
1136 2277 1305 2389 Akshaphi.
1335 2301 1407 2370 Fuit

285 2431 377 2516 igitur
398 2429 471 2494 urbs
494 2429 653 2517 quaedam,
678 2425 968 2504 Shimron-Meron,
998 2430 1030 2492 In
1052 2430 1118 2515 ipsa
1140 2449 1258 2516 pugnae
1282 2432 1405 2496 vicinia:

286 2576 407 2642 eamque
434 2559 511 2619 inter
538 2555 743 2641 possessiones
770 2551 1015 2617 Zebulonitarum
1043 2553 1135 2620 luisse
1164 2558 1359 2642 eognovimus
1391 2579 1406 2621 e

284 2679 401 2747 Jcouae
424 2680 552 2768 capitulo
575 2678 795 2744 undevicesimo
818 2702 848 2742 v.
868 2675 918 2756 15,
942 2679 995 2744 ubi
1017 2683 1094 2746 inter
1115 2677 1240 2746 Nabalal
1263 2693 1293 2745 et
1308 2680 1406 2747 Jidala

285 2818 482 2872 enumeratur.
518 2804 617 2888 Quum
639 2807 731 2893 igitur
749 2809 779 2869 In
801 2807 920 2870 nomIne
944 2798 1056 2912 {Imp
1085 2828 1147 2871 non
1170 2820 1312 2894 agnoscat
1336 2807 1406 2890 Qeri

284 2932 410 2997 litteram
434 2936 477 3007 Ν,
508 2942 537 2996 et
564 2929 623 2994 sere
646 2931 719 2995 nihil
745 2933 862 2995 intersit
883 2933 960 2994 inter
983 2940 995 3002 t
1018 2943 1047 2995 et
1070 2941 1081 3032 q
1104 2931 1235 3010 finalem,
1268 2933 1405 3021 equidem

284 3078 346 3122 non
369 3054 533 3121 dubitarem
555 3078 611 3143 pro
635 3049 718 3149 ilat?
741 3061 772 3120 in
795 3068 900 3120 nostro
923 3055 990 3119 loeo
1011 3055 1170 3121 rescribere
1187 3050 1280 3163 qm,
1305 3071 1334 3122 et
1349 3060 1404 3123 has

284 3184 507 3269 imprecationes
531 3181 569 3246 ad
596 3182 701 3246 urbem
725 3180 1026 3263 Sicinaco-Meroe,
1056 3185 1088 3246 in
1109 3181 1219 3248 finibus
1242 3183 1405 3249 Zebuloni-

222 3317 223 3322 ’
283 3322 396 3382 tarum,
426 3307 583 3373 transferre
596 3302 629 3390 ¹).
681 3309 715 3371 ln
744 3329 805 3395 quo
833 3311 859 3371 si
887 3329 991 3371 verum
1017 3307 1093 3384 vidi,
1124 3307 1245 3373 liberius
1275 3312 1403 3375 irriseris

285 3437 435 3523 egrequm
457 3433 539 3500 illum
562 3437 763 3521 Interpretem,
789 3437 841 3521 qui
863 3436 1082 3520 imprecationis
1105 3434 1240 3500 ellectum
1261 3438 1293 3498 in
1317 3457 1352 3499 eo
1372 3458 1403 3500 se

283 3563 448 3648 repperisse
470 3563 597 3646 putavit,
622 3559 705 3648 quod
719 3563 829 3625 nemini
844 3559 942 3626 adhue
958 3558 1205 3648 Geogrepborum
1225 3564 1403 3628 innotuisset

283 3685 356 3751 urbs
380 3684 489 3750 devota
510 3685 641 3750 Meroe!

283 3847 493 3872 ...ἡ-ὲ...-

359 3961 379 4026 ¹)
405 3958 484 4013 (laist.
505 3956 549 4011 der
566 3957 645 4011 Hebr.
664 3957 769 4024 PoesIe,
794 3956 829 4012 ll.
847 3977 872 4030 p.
889 3955 932 4013 16.
968 3959 1026 4014 Non
1048 3959 1112 4014 male
1131 3961 1210 4032 igitur
1229 3959 1402 4034 (iumpacbius

283 4063 350 4114 hunc
361 4073 465 4114 uersum
484 4058 519 4110 ita
536 4055 633 4110 reddita
650 4056 810 4111 »Vcrdnehet
821 4057 918 4124 Illeroz,
938 4057 1028 4130 spraeh
1041 4059 1162 4113 Jehova’s
1175 4059 1403 4126 Donnerstimme,·

284 4175 360 4232 quam
377 4158 521 4212 verulanam
540 4155 672 4210 confirmat
690 4155 782 4212 Genea.
796 4155 891 4224 XXII,
912 4153 1034 4212 11-13.
1054 4156 1147 4212 collato
1164 4157 1257 4212 Joann.
1271 4157 1339 4225 XII,
1357 4157 1403 4214 29.

283 4257 327 4313 Pa.
340 4255 447 4322 XVIII,
461 4252 503 4309 11.

358 4353 379 4420 ⁹)
406 4354 479 4407 Hanc
503 4353 673 4423 conjecturam
698 4352 792 4419 obiter,
816 4361 842 4408 et
865 4351 1010 4408 dubitanter
1028 4351 1071 4408 ille
1095 4355 1210 4425 quidem,
1235 4364 1403 4426 occupaverat

283 4451 386 4520 Euald,
406 4451 556 4508 (ieschiehte
575 4452 619 4508 dea
638 4449 737 4508 Valles
755 4450 845 4521 lsrael,
863 4451 924 4508 Vol.
937 4450 972 4508 11.
990 4471 1015 4524 p.
1027 4447 1088 4507 381.
