3172 5186
836 349 915 444 aaa

317 561 432 638 diderit,
449 559 522 650 quid
544 583 582 625 ex
596 562 808 647 antiquissimis
827 559 960 626 lontibus
983 573 1115 626 accurate
1137 560 1285 627 derivarit
1316 558 1433 628 cuneta

316 687 469 753 lasharani
497 685 565 752 libri
587 685 749 773 fragmenta
769 685 971 752 Jehovismum
995 689 1124 773 sapiunt.
1159 685 1220 752 Sed
1248 686 1330 753 haud
1357 691 1431 765 seio,

317 833 353 878 an
377 811 503 898 plurima
526 813 589 898 ejus
613 809 766 898 larraginis
790 814 821 876 in
843 833 915 876 suos
937 831 1011 876 usus
1031 816 1229 878 converterint
1251 815 1347 878 serior
1360 811 1435 878 Elo-

318 937 394 1004 ltista
417 949 445 1002 et
467 939 647 1002 novissimus
670 936 833 1002 Jehoviata.
862 937 962 1002 Primo
986 940 1061 1001 enim
1084 938 1150 1002 loeo
1174 941 1262 1026 posui
1285 938 1435 1028 fragmen·

316 1076 394 1140 tum,
419 1061 502 1155 quod
531 1065 658 1127 maxima
679 1083 718 1128 ex
740 1061 825 1150 par'te
854 1061 892 1128 ad
914 1062 1077 1128 Elohistam
1106 1066 1233 1149 pertinet
1253 1065 1300 1128 vel
1328 1067 1434 1150 potius

316 1187 386 1254 bina
401 1190 520 1252 nomina
534 1187 698 1253 alternatim
714 1187 842 1254 exhibet.
874 1187 1082 1276 Fragmentum
1104 1202 1201 1254 autem
1217 1187 1340 1255 alterum
1361 1189 1434 1255 bina

317 1316 437 1378 nomina
459 1314 637 1399 conjunctim
660 1325 767 1380 servat.
798 1311 881 1378 Unde
903 1314 970 1390 hoe,
995 1314 1076 1402 quod
1100 1317 1131 1378 in
1153 1319 1268 1401 poetica
1291 1315 1433 1402 allegoria

318 1453 453 1506 versatur
474 1451 584 1504 etcum
608 1437 735 1504 secunda
755 1450 839 1526 parte
857 1441 1017 1505 arctissime
1033 1439 1168 1506 cohaeret
1184 1437 1288 1527 (supra
1304 1463 1334 1527 p.
1345 1437 1431 1522 100),

318 1563 355 1629 ad
378 1566 609 1654 antiquissimam
633 1563 727 1630 resero
751 1577 780 1630 et
802 1563 923 1630 formam
948 1577 978 1629 et
1001 1569 1147 1632 materiem
1175 1564 1241 1631 libri
1263 1564 1432 1630 Jaslrarani.

317 1689 391 1756 lllud
414 1703 521 1766 autem,
538 1688 620 1777 quod
642 1692 713 1754 satis
729 1702 877 1755 vetustum
902 1712 965 1755 esse
987 1703 1096 1778 potest,
1121 1689 1237 1756 videtur
1259 1711 1324 1756 esse
1347 1693 1431 1778 quasi

317 1817 495 1902 pragmatica
511 1815 652 1904 quaedam
677 1819 842 1881 comitantis
865 1816 1020 1905 allegoriae
1043 1820 1199 1894 enarratio,
1223 1837 1298 1903 quae
1321 1827 1433 1904 mysta-

317 1961 411 2028 gogae
433 1943 527 2006 instar
543 1939 684 2006 obscuras
707 1941 934 2030 significationes
955 1945 1057 2029 aperit,
1076 1942 1120 2008 vel
1135 1941 1262 2006 salsulam
1285 1940 1368 2006 haud
1389 1944 1431 2006 ita

318 2077 426 2130 castam
449 2069 480 2130 in
502 2087 665 2132 sermonem
684 2068 816 2134 cultioris
839 2070 903 2133 aevi
919 2055 1043 2158 ¹iugenio
1060 2066 1311 2134 accommodatum
1334 2080 1432 2132 trans·

239 2187 245 2202 ’
318 2189 392 2255 lerre
415 2203 548 2257 conatur.
