3160 5170
745 355 958 468 Q

292 561 328 649 (Ι)
351 588 388 630 ne
413 563 491 632 dona
512 567 675 652 praesentis
698 565 790 631 horae
806 570 881 630 tenti
897 569 1083 632 aestimemus
1100 577 1135 630 ut
1148 567 1313 653 promissae
1330 577 1413 629 mau-

292 691 445 777 quillitatis
475 690 696 770 obliviscamur3
727 715 795 755 nam
819 693 913 779 »quid
939 691 1062 779 prodest
1084 691 1198 755 homini
1212 667 1246 754 si
1268 690 1413 755 mundum

290 819 463 879 universum
486 817 624 894 lucretur,
650 821 761 882 animae
782 841 853 882 vero
877 838 948 882 suae
966 817 1113 900 jacturam
1136 813 1265 879 faciatis
1289 810 1410 895 (Matth.

290 940 376 1015 XVI,
395 935 466 1022 26);
502 935 550 1023 (ll)
581 963 617 1004 ne
646 942 718 1028 quid
745 955 863 1030 praeter
885 941 980 1005 Deum
1009 944 1108 1027 ipsum
1134 942 1176 1003 ita
1199 940 1345 1015 colamus,
1377 951 1413 1002 ut

291 1063 418 1128 divisum
447 1068 477 1128 in
505 1069 616 1130 nostris
645 1069 749 1130 animis
773 1069 929 1153 imperium
952 1068 1183 1141 constituamus3
1220 1060 1282 1146 (lll)
1305 1085 1342 1127 ne
1366 1062 1412 1126 di-

289 1191 375 1252 vinae
397 1189 602 1276 providentiae
624 1190 717 1277 legem
740 1204 939 1278 aspernantes,
967 1193 998 1253 in
1021 1212 1123 1253 eorum
1147 1211 1277 1254 errorem
1299 1187 1412 1251 incida-

289 1335 370 1389 mus,
402 1317 452 1400 qui
476 1326 591 1378 tentant
612 1314 708 1378 Deum
731 1318 913 1402 impatientia
936 1337 990 1378 sua
1012 1317 1161 1391 viventes,
1187 1327 1217 1378 et
1239 1311 1411 1376 moribundi

290 1459 437 1502 summum
460 1461 569 1502 numen
592 1439 663 1503 diris
688 1439 836 1506 devovent
859 1435 939 1521 (tob.
956 1439 995 1515 H,
1014 1435 1058 1520 9).

377 1563 431 1627 His
456 1564 708 1628 admonitionibus
731 1567 899 1651 praemissis
914 1564 1125 1651 Fragmentum
1148 1575 1284 1627 nostrum
1305 1563 1343 1628 ad
1358 1562 1412 1629 ab·

290 1680 418 1753 solutam
440 1689 512 1775 legis
537 1689 732 1753 obedientiam
754 1693 921 1765 revertitur,
947 1702 1035 1776 atque
1058 1691 1100 1752 ita
1117 1688 1156 1752 ad
1171 1687 1238 1752 libri
1253 1687 1411 1752 Jasharani
1434 1759 1436 1763 ,

290 1813 532 1900 significationem
567 1815 787 1900 exprimendam
822 1836 911 1901 quam
943 1817 1079 1900 proxime
1111 1813 1231 1878 accedit.
1279 1811 1412 1879 »Custo-

290 1936 397 2000 diendo
428 1937 573 2002 custodite
603 1951 759 2026 praecepta
781 1937 912 2003 deborae
942 1939 1065 2024 ejusque
1094 1941 1263 2002 testimonia
1292 1951 1321 2002 et
1349 1950 1411 2002 sta·

288 2074 367 2137 tuta,
399 2083 474 2148 quae
501 2061 556 2126 tibi
578 2067 743 2149 praecepit3
774 2076 803 2126 et
825 2062 913 2127 facias
937 2062 968 2126 id
991 2062 1074 2149 quod
1096 2059 1222 2142 {trullum
1246 2058 1357 2166 (Ἶῐᾷἳτ)
1381 2074 1411 2126 et

289 2183 399 2250 bouum
423 2198 468 2250 est
490 2209 588 2250 coram
603 2186 732 2264 debora,
757 2201 792 2251 ut
814 2151 888 2252 bene
911 2187 965 2251 tibi
990 2190 1029 2251 sit
1051 2199 1081 2251 et
1103 2186 1276 2274 ingrediaris
1294 2201 1323 2251 et
1337 2209 1410 2274 pos·

289 2311 384 2375 sideas
407 2309 517 2375 bonam
539 2312 617 2374 illam
640 2325 749 2377 terram
772 2334 861 2398 quam
879 2311 994 2376 lehove
1016 2314 1076 2376 tuis
1090 2310 1234 2398 ,patribus
1258 2311 1409 2399 pollicitus

288 2449 352 2500 est«
377 2432 418 2517 (v.
435 2434 484 2512 17,
506 2431 569 2517 18).
607 2437 665 2500 »Et
683 2433 804 2513 justitia
826 2432 965 2542 (llffl)
990 2440 1045 2502 erit
1061 2435 1155 2500 ¹nobis
1178 2439 1198 2500 i.
1215 2459 1240 2500 e.
1264 2449 1299 2499 ut
1322 2438 1409 2500 meri-

287 2573 350 2624 tum
374 2559 460 2626 uobis
484 2561 680 2647 reputabitur,
706 2565 731 2625 si
755 2562 982 2626 custodierimus
1006 2575 1036 2626 et
1054 2560 1206 2626 fecerimus
1223 2563 1322 2624 omnia
1337 2561 1411 2624 haec

287 2698 443 2772 praccepta
459 2708 557 2750 coram
571 2685 701 2763 Jahova,
727 2689 803 2750 sicut
817 2686 866 2751 llle
882 2686 969 2751 uobis
984 2689 1152 2774 praecepit«
1170 2680 1212 2767 (v.
1229 2680 1297 2766 25).
1327 2684 1409 2750 Haec

286 2809 378 2875 verba
392 2810 602 2897 Fragmentum
625 2824 761 2875 nostrum
784 2811 822 2875 ad
840 2812 957 2896 justum
980 2811 1067 2875 finem
1085 2808 1267 2897 perducunt,
1292 2821 1321 2874 et
1335 2832 1408 2896 pro·

286 2933 406 2998 bitatem
435 2935 514 2998 illam
536 2935 733 3001 Israelitarum
761 2939 792 2999 in
822 2959 856 3000 ea
884 2935 1054 3000 conditione
1084 2932 1240 3011 exhibent,
1271 2956 1346 3021 quae
1369 2932 1408 2998 ad

288 3057 485 3124 Christianam
516 3060 704 3147 probitatem,
725 3073 856 3148 spectare
884 3061 1029 3125 videatur.
1075 3058 1150 3124 Nam
1174 3057 1332 3124 »Christus
1362 3071 1408 3124 est

285 3183 352 3246 finis
376 3184 448 3271 legis
472 3185 510 3249 ad
524 3187 681 3269 justitiam
698 3185 765 3250 fidis
782 3185 920 3250 omnibus
940 3184 1161 3272 imputandam«
1187 3183 1288 3266 (Rom.
1303 3183 1343 3262 X,
1359 3181 1406 3267 4).

287 3307 320 3373 Si
343 3309 392 3373 lex
413 3310 463 3373 illa
485 3313 517 3374 in
541 3333 639 3374 amore
654 3311 709 3374 Dei
732 3311 921 3398 hominisque
937 3323 1081 3388 versatur,
1107 3313 1158 3396 qui
1181 3308 1219 3372 ad
1238 3309 1317 3373 illius
1332 3310 1406 3397 legis

280 3434 428 3518 justitiam
450 3439 586 3522 proxime
610 3441 779 3514 accesserit,
805 3441 829 3500 is
853 3459 915 3502 non
937 3437 1025 3522 louge
1049 3433 1144 3498 aberit
1166 3433 1202 3497 ab
1226 3433 1276 3498 illa
1298 3438 1407 3498 sancti-

283 3557 435 3636 imatione,
473 3583 561 3647 quam
588 3560 758 3625 Paracletus
788 3584 805 3624 a
837 3559 957 3626 Christo
992 3563 1100 3624 missus
1130 3581 1215 3623 verae
1243 3559 1406 3646 relligionis

285 3659 447 3762 sodalibus,
472 3686 595 3772 singulis
620 3686 675 3749 illis
699 3685 836 3750 membris
861 3685 1036 3750 consolidati
1060 3686 1194 3771 eorporis
1215 3684 1300 3768 cujus
1318 3681 1406 3748 Chri·

285 3820 349 3872 stus
373 3813 436 3896 ipse
460 3823 550 3896 caput
573 3821 631 3885 cst,
658 3810 758 3874 vivida
775 3813 806 3874 vi
829 3822 858 3874 et
878 3811 965 3897 plena
988 3808 1136 3874 infusione
1161 3808 1326 3872 donaturus
1349 3821 1405 3872 est.

375 3932 537 3998 Citationes
567 3934 632 3998 illae
654 3933 836 3999 Morasthaei
866 3935 1029 4022 prophetae
1058 3934 1188 4020 aliaeque
1216 3955 1290 4020 quas
1314 3954 1407 4019 supra

283 4063 443 4124 memoravi
473 4059 639 4146 significant
666 4061 776 4124 multos
806 4061 879 4124 alios
902 4059 1128 4124 Deuteronomii
1155 4058 1238 4122 locos
1266 4060 1299 4121 in
1327 4055 1405 4122 libro

283 4184 447 4250 lasharano
472 4184 569 4250 sedem
594 4208 678 4249 suam
698 4184 853 4262 habuisse,
879 4183 931 4248 sed
946 4185 1049 4248 ultima
1063 4183 1287 4248 Deuteronomii
1303 4181 1404 4260 editio,

285 4332 359 4396 quae
383 4310 420 4374 ad
439 4332 495 4374 nos
511 4314 655 4397 pervenit,
680 4313 721 4375 ita
738 4313 946 4374 commissuras
962 4311 1053 4397 pauni
1067 4307 1151 4374 rudis
1166 4311 1198 4372 in
1212 4319 1298 4372 vetus
1314 4309 1407 4370 vesti·

283 4446 413 4499 mentum
442 4435 623 4512 introduxit,
653 4448 688 4500 ut
718 4435 834 4502 difficile
858 4438 896 4500 sit
918 4435 1105 4522 autographa
1128 4433 1166 4500 ab
1188 4433 1319 4498 insititiis
1343 4431 1405 4498 dis·
