3172 5186
764 333 976 440 294.-

435 592 437 596 -
493 543 624 610 Offerent
644 543 700 608 tihi
722 566 805 632 reges
829 566 960 608 munera.

310 649 471 771 Pfflvgls)
496 667 656 756 Compesce
679 669 769 733 feram
793 669 956 746 arundinis,

494 795 664 858 Taurorum
685 794 802 858 turham
827 817 893 858 eum
916 793 1098 880 populorum
1122 791 1232 869 vitulis,

493 918 533 985 Ut
555 943 618 984 sese
642 942 708 984 cum
730 918 865 1006 frustulis
889 909 1003 1005 argenti
1027 918 1173 1005 supplices
1197 927 1400 1002 prosternant.

491 1044 635 1131 Disperge
658 1045 798 1131 populos,
823 1047 875 1130 qui
899 1042 977 1106 hello
1002 1042 1192 1106 delectantur.

423 1184 471 1244 (aa)
494 1170 648 1256 Magnetes
672 1172 790 1232 venient
813 1191 848 1231 ex
872 1167 1024 1255 Aegypto,

492 1292 670 1378 Properabit
691 1292 853 1380 Aethiopia
876 1294 981 1379 palmis
1005 1295 1119 1379 supinis
1143 1292 1266 1356 adorare
1290 1290 1399 1355 Deum.

424 1431 472 1492 (ee)
497 1415 522 1482 Ο
546 1405 637 1505 regna
661 1431 764 1494 terrae,
789 1422 882 1482 canite
897 1418 971 1495 Deo,
995 1417 1104 1482 fidibus
1129 1431 1242 1482 cantate
1258 1415 1431 1492 Dominum,

423 1557 471 1618 (aa)
496 1543 554 1626 Qui
577 1544 695 1610 vehitur
718 1565 857 1631 supremo
882 1557 1059 1631 aeternoque
1083 1544 1173 1608 caclo.

494 1669 554 1734 llnl
579 1669 639 1733 edit
661 1691 734 1734 voce
758 1692 812 1733 sua
834 1690 937 1734 vocem
959 1673 1116 1758 ingentem.

424 1809 472 1870 (es)
498 1794 633 1860 Tribuitc
655 1795 750 1860 robur
771 1795 846 1872 Deo,

495 1918 588 2008 Cujus
613 1943 703 2008 super
724 1920 859 1985 lsraelem
882 1921 1096 2008 magnificentia
1119 1934 1172 1998 est,

494 2045 533 2109 Et
554 2045 648 2110 robur
672 2049 735 2133 ejus
758 2051 789 2111 iu
811 2045 953 2110 nubibus

424 2183 473 2246 (sc)
498 2170 651 2236 Terribilis
676 2195 706 2236 cs
729 2185 773 2250 tu,
800 2195 817 2236 o
840 2172 932 2250 Deus,
957 2194 972 2234 e
996 2174 1170 2236 sanctuariis
1192 2173 1263 2235 tuis.

495 2296 575 2362 Deus
597 2297 712 2362 Israelis
736 2297 902 2362 dat'robur
925 2310 955 2362 et
976 2300 1054 2363 vires
1076 2296 1191 2386 populo
1216 2319 1283 2361 suo.

811 2535 937 2578 CHORUS.

738 2675 891 2740 Laudatur
911 2674 1007 2740 Deus!

658 3075 1088 3167 COMMENTARIUS.

401 3417 434 3482 ln
458 3416 627 3505 fragmentis
652 3420 791 3504 septimae
813 3421 907 3505 partis
931 3416 1139 3504 dignoscendis
1159 3418 1274 3480 ratione
1288 3433 1435 3502 perquam

314 3543 438 3630 simplici
466 3565 539 3607 usus
569 3564 644 3606 sum.
692 3540 812 3608 Certum
843 3555 888 3607 est
915 3543 1035 3630 elegiam
1066 3564 1125 3629 qua
1154 3539 1282 3606 Davides
1307 3538 1434 3606 Saulum

313 3666 578 3755 Jonathanemque,
595 3669 675 3732 illum
692 3670 856 3746 inimicum,
872 3668 953 3733 hune
967 3670 1189 3745 amicissimum,
1205 3663 1432 3742 lamentabatur,

315 3815 353 3858 ex
375 3792 452 3857 libro
468 3792 632 3858 Jasharano
657 3793 842 3881 desumptam
865 3817 937 3858 esse.
966 3793 1006 3858 Et
1028 3796 1054 3857 si
1069 3792 1247 3858 vocabulum
1270 3783 1363 3895 12pr
1377 3793 1434 3854 rite

291 3939 297 3950 ·
315 3941 381 3984 sum
397 3919 606 4006 interpretatus
624 3915 665 4002 (v.
679 3943 769 4008 supra
783 3915 910 4008 part),
928 3919 1022 3984 edixit
1029 3918 1158 3984 Davides
1173 3940 1228 3982 rex
1242 3931 1278 3982 ut
1285 3916 1434 3981 Israelitae

315 4046 493 4110 catervatim
520 4049 551 4110 in
575 4047 854 4134 congregationibus
879 4047 941 4110 suis
964 4045 1042 4110 illam
1071 4047 1204 4109 naeniam
1233 4043 1433 4109 decantarent.

314 4169 392 4236 Num
407 4183 496 4259 putas
512 4172 575 4235 fieri
590 4194 689 4258 posse,
708 4184 743 4236 ut
758 4171 882 4260 elegiam
894 4174 982 4236 istam
998 4169 1185 4236 solummodo
1202 4167 1253 4234 tali
1268 4168 1437 4257 frequentia

314 4298 447 4361 iteratam
477 4296 630 4364 voluerit?
666 4296 772 4363 Nonne
801 4300 904 4386 potius
933 4299 1073 4362 victorias
1103 4319 1172 4362 suas
1206 4309 1236 4361 et
1267 4293 1438 4360 felicitatem

313 4420 396 4488 laetis
421 4426 528 4488 civium
553 4425 651 4489 choris
675 4422 886 4490 demandaret?
917 4423 1015 4507 Qraum
1039 4427 1132 4512 igitur
1147 4434 1262 4490 constet
1284 4432 1437 4488 auctorem
