3164 5176
629 341 841 456 „ass-

172 550 246 616 liber
269 553 436 616 canonicus*
452 553 531 616 omni
555 573 653 618 errore
677 575 774 618 carere
788 551 934 631 videatur,
958 553 990 618 id
1012 575 1068 620 nos
1091 556 1123 618 in
1139 567 1291 642 stuporem

174 676 242 741 dare
265 690 395 764 oportet.
443 675 522 762 Quid
545 678 643 743 enim?
668 679 819 744 crederent
841 679 985 757 homines,
1011 683 1061 766 qui
1084 691 1156 768 post
1179 677 1292 766 Copor-

172 804 270 866 nicum
297 806 451 879 vixerunt,
482 803 577 868 Deum
606 807 777 869 universum
806 804 908 868 mundi
936 817 1067 890 systema
1091 802 1290 882 labefactasse,

173 927 282 992 scilicet
309 940 345 991 ιιι
372 928 487 1015 aliquot
514 929 604 992 millia
633 929 829 1008 israelitarum
859 951 921 994 non
950 941 1056 994 certam
1086 952 1119 994 ac
1145 943 1291 1017 perpetuo

172 1068 339 1117 mansuram
364 1056 517 1118 victoriam
548 1055 729 1141 complerent
755 1091 791 1102 ·-
818 1075 885 1118 nam
907 1057 1032 1119 victoria
1054 1054 1103 1119 illa
1121 1056 1184 1140 jam
1205 1067 1292 1141 parta

173 1191 235 1242 erat
265 1215 300 1227 -
331 1178 384 1243 sed
419 1179 599 1266 aliquamdiu
627 1183 722 1244 victos
757 1180 859 1244 hostes
890 1193 1153 1267 persequerentur,
1188 1183 1290 1265 potius

173 1323 260 1390 qnam
276 1303 402 1368 scribam
418 1305 578 1391 quemlibet
592 1305 665 1369 male
676 1308 901 1392 interpretatum
914 1327 976 1370 esse
989 1304 1183 1394 fragmentum
1194 1307 1291 1391 poeti·

172 1449 254 1504 cum,
285 1428 367 1516 quod
396 1429 490 1492 multo
513 1430 616 1494 melius
641 1451 697 1494 nos
721 1430 867 1516 explicare
890 1430 1072 1517 possumus?
1101 1429 1290 1517 Quantopere

171 1553 281 1618 sudent
295 1553 342 1618 vel
364 1553 564 1618 honestissimi
582 1557 646 1630 viri,
671 1567 706 1619 ιιι
721 1566 934 1640 armamentum
949 1554 1021 1619 illud
1040 1556 1084 1619 od
1095 1555 1290 1622 scholiastam

171 1677 312 1755 evadant,
342 1701 404 1743 uno
433 1680 569 1766 exemplo
598 1677 761 1744 ostendam.
807 1677 910 1766 Nuper
938 1680 1011 1743 mihi
1034 1683 1158 1767 contigit
1181 1680 1289 1746 Canta-

170 1802 283 1890 brigiac
298 1806 329 1866 in
344 1803 473 1868 Ecclesia
487 1803 662 1870 Academica
677 1804 713 1869 dc
729 1817 834 1868 nostro
850 1817 936 1868 textu
951 1808 1172 1870 concionantem
1187 1805 1288 1870 audire

170 1925 341 1992 familiarem
371 1929 516 2015 quendam
546 1951 642 1994 meum
673 1930 855 2018 Marigenam
885 1925 922 2011 (i.
944 1953 969 1993 e.
998 1929 1106 1994 Gallice
1134 1925 1288 2016 Morpoo)

172 2050 293 2129 Cowie,
318 2051 393 2117 Cot.
411 2053 447 2118 D.
464 2054 587 2119 loannis
607 2054 727 2120 Socium
742 2050 773 2138 ¹),
797 2048 895 2120 virum
918 2059 949 2119 in
972 2055 1133 2143 disciplinis
1155 2056 1288 2144 physicis

171 2191 200 2243 et
221 2178 448 2256 mathematicis,
479 2183 503 2244 si
527 2183 594 2266 quis
618 2179 709 2257 alius,
734 2183 941 2258 exercitatum,
965 2185 1017 2268 qui
1039 2193 1136 2246 tamen
1158 2181 1288 2267 philolo-

170 2306 264 2390 gicam
289 2307 437 2368 scientiam
463 2327 498 2369 nc
521 2303 702 2391 primoribus
727 2305 846 2392 quidem
869 2303 958 2370 labris
982 2309 1089 2392 attigit.
1135 2306 1161 2368 Is
1184 2309 1288 2392 ntique

169 2431 247 2492 inter
275 2429 330 2492 alia
360 2429 527 2516 quaemihi
553 2431 670 2516 quidem
694 2431 781 2516 plane
804 2416 937 2494 miranda
959 2429 1099 2515 protulit,
1130 2451 1167 2493 ne
1190 2432 1288 2492 omnia

170 2575 209 2620 ex
231 2557 369 2620 citatione
391 2553 440 2618 illa
462 2555 638 2641 penderent,
664 2567 752 2642 atquc
775 2557 816 2619 ita
836 2557 964 2641 scriptor
980 2556 1138 2618 eanonicus
1154 2555 1185 2616 in
1201 2554 1288 2618 scho-
1392 2596 1394 2602 η

169 2678 285 2742 liastam
308 2678 510 2757 descenderet,
536 2679 713 2744 vocabulum
729 2675 804 2785 Q
824 2703 930 2744 sermm
944 2679 991 2744 vel
1013 2679 1181 2744 oeridlcmn
1198 2681 1288 2744 inter·

169 2802 351 2889 metabatur,
376 2817 405 2868 et
427 2806 600 2891 scriptorem
623 2804 711 2870 nobis
727 2805 894 2892 ,exhibebat
916 2809 968 2892 qui
990 2827 1051 2870 rem
1074 2816 1182 2870 certam
1199 2815 1288 2890 atquo

170 2929 354 3015 exploratam
370 2952 433 2994 csse
448 2930 500 2994 tali
516 2932 691 2995 anctoritate
707 2930 925 3018 comprobaret:
942 2953 1062 2995 »nonne
1075 2930 1134 2995 hoc
1145 2932 1287 3017 scriptum

169 3057 261 3118 estin
276 3053 352 3120 libro
369 3056 523 3120 veritatis«
547 3059 567 3119 i.
584 3077 609 3120 e.
626 3059 811 3122 verissimum
827 3070 872 3122 est
886 3057 968 3135 illud,
993 3057 1076 3143 quod
1092 3077 1173 3120 nunc
1185 3054 1287 3128 trado!

167 3177 230 3242 Nec
251 3179 361 3266 puduit
382 3185 478 3246 virum
506 3202 650 3269 perquam
673 3185 858 3270 ingeniosum
881 3183 967 3248 talem
992 3186 1165 3247 sententiam
1190 3203 1287 3246 coram

170 3303 356 3370 doctissimae
379 3306 554 3370 Academiae
578 3305 751 3372 doctoribus
775 3307 898 3371 effutire.
933 3307 976 3370 lbi
998 3321 1070 3372 tunc
1093 3306 1238 3394 equidem,
1263 3309 1288 3371 si

168 3449 231 3494 non
254 3441 353 3507 antea,
377 3444 565 3518 perspectum
589 3431 697 3508 habui,
723 3421 811 3518 quam
833 3452 951 3495 necesse
974 3444 1051 3495 esset
1073 3435 1160 3495 utin
1183 3431 1288 3497 dasha·

168 3545 233 3618 rani
255 3553 323 3618 libri
345 3567 467 3623 aetatem
491 3569 580 3644 atquc
602 3557 731 3621 indolem
754 3558 961 3645 inquireretur.

257 3679 445 3768 Nouissimas
474 3682 565 3769 hujus
596 3684 654 3748 loni
679 3686 838 3770 interpres,
867 3682 1018 3746 lohannes
1043 3678 1196 3767 Gumpach
1220 3673 1287 3762 (alt-

167 3805 399 3872 tcstamentlichc
429 3806 570 3885 Studien,
600 3807 776 3895 Heidelberg
799 3805 885 3872 1852
914 3831 966 3894 pp.
991 3799 1204 3886 tlt-181),
1236 3806 1287 3890 qui

167 3931 337 3996 tralatitiam
359 3931 439 3996 illam
463 3933 499 3997 dc
522 3934 663 3998 miraculo
687 3936 885 3998 astronomico
904 3935 1073 4020 opinionem
1089 3951 1204 3998 summo
1221 3951 1286 3994 cum

246 4152 264 4219 ¹)
288 4151 386 4208 Nomen
401 4156 509 4208 cratoris
523 4154 616 4208 ideirco
631 4153 779 4208 edicendum
792 4154 893 4224 putavi,
915 4155 974 4226 quia
987 4155 1035 4206 ista
1049 4153 1135 4206 concio
1149 4151 1180 4205 ad
1192 4154 1287 4206 Prae·

168 4248 301 4304 lectiones
314 4253 472 4308 Hulseanas
490 4254 627 4323 pertineat,
647 4269 711 4322 quae
731 4269 760 4306 ec
781 4251 888 4305 consilio
909 4254 1054 4315 recitantur,
1073 4259 1102 4302 ut
1116 4258 1204 4320 postea
1217 4251 1285 4321 typis

170 4341 333 4402 demandatae
352 4347 447 4420 publici
462 4348 530 4420 juris
548 4349 617 4405 fiant.
647 4351 731 4420 Atque
750 4350 817 4404 haud
838 4352 891 4405 scio
906 4349 999 4421 anjam
1013 4349 1136 4421 prodierit
1148 4365 1175 4402 ac
1188 4355 1287 4420 prostat

168 4441 267 4506 venalis
286 4449 336 4503 icta
356 4450 452 4504 concio.
