3164 5176
750 337 962 456 ..ree

292 555 417 630 videret,
443 553 619 616 exclamasse
643 549 750 615 fertur:
776 553 911 614 »utinam
928 551 975 614 vel
997 573 1061 615 nox
1082 551 1129 614 vel
1144 551 1309 616 Bbicherus
1325 553 1416 616 nobis

293 679 498 744 subveniret«
522 678 605 741 Hanc
626 679 916 762 interpretationem,
942 694 1030 762 quam
1054 679 1152 762 quivis
1169 677 1416 764 simplicissimam

293 827 355 869 esse
371 803 519 878 concedet,
540 801 714 866 obscuravit
728 801 824 865 scriba
839 802 1067 878 Masorethicus,
1092 806 1143 888 qui
1159 805 1292 888 poeticae
1308 801 1418 866 dictio·

292 933 338 996 nis
371 932 524 1015 imperitus
554 928 600 992 vel
635 949 722 992 coeco
758 925 965 1013 prodigiorum
999 926 1099 992 studio
1130 926 1270 1013 abreptus
1300 927 1417 992 addidit

293 1054 403 1120 »solem
437 1057 468 1118 in
502 1052 599 1116 medio
636 1052 717 1116 coelo
755 1055 886 1126 stetisse,
923 1073 976 1116 nec
1010 1051 1152 1118 occidisse
1182 1073 1236 1138 per
1263 1053 1340 1116 diem
1369 1057 1417 1118 in·

292 1178 441 1266 tegrumlo
476 1176 566 1260 Quod
594 1181 618 1240 si
648 1175 831 1252 defuisset,
861 1175 921 1240 duo
949 1177 1088 1241 miracula
1111 1180 1141 1240 in
1165 1176 1265 1242 eadem
1288 1180 1417 1244 victoria

292 1303 472 1370 conficienda
494 1300 680 1368 adhibuisset
703 1300 844 1366 Summus
868 1299 915 1364 ille
939 1314 1027 1387 atque
1046 1299 1185 1387 Optimus
1202 1300 1335 1378 Creator,
1361 1308 1416 1390 qui

291 1430 366 1496 nihil
380 1433 443 1495 sine
458 1429 556 1514 aliqua
571 1449 659 1492 causa
674 1425 844 1490 faciundum
861 1439 953 1491 curat.
984 1425 1073 1508 Quod
1089 1447 1182 1512 quum
1197 1429 1259 1490 sine
1276 1429 1414 1514 exemplo

292 1567 383 1630 esset,
408 1557 450 1618 ita
473 1557 559 1618 etiam
584 1556 663 1616 omni
687 1551 785 1616 fructu
809 1564 928 1616 careret.
963 1551 1056 1638 Finge
1080 1554 1156 1616 enim
1180 1573 1316 1616 occasum
1340 1554 1414 1620 solis

292 1683 366 1745 miro
396 1679 526 1765 quodam
556 1677 671 1742 divinae
706 1678 857 1762 potentiae
885 1678 1048 1740 ministerio
1077 1677 1193 1762 aliquot
1221 1677 1310 1742 boras
1340 1699 1415 1764 pro-

291 1816 429 1892 rogatum
459 1803 559 1868 inisse.
608 1801 681 1885 Quis
709 1804 785 1864 inter
807 1799 1002 1888 pugnandum
1024 1801 1072 1866 vel
1093 1804 1273 1868 vincentium
1296 1802 1343 1868 vel
1368 1825 1415 1868 ce·

292 1931 422 1997 dentium
440 1929 519 1992 illam
539 1926 703 2013 crepusculi
718 1925 944 2012 productionem
960 1926 1234 1992 animadvertisset?
1255 1927 1320 1992 Nisi
1334 1927 1415 1994 sorte

291 2067 379 2141 putas
402 2053 559 2118 bellatores
583 2054 657 2116 istos
681 2051 838 2136 horologia
862 2073 960 2116 secum
984 2054 1014 2114 in
1038 2051 1142 2116 loculis
1165 2054 1346 2137 portavisset
1371 2054 1415 2119 At

292 2182 461 2244 enimvero
490 2179 546 2242 nisi
576 2190 609 2240 ut
638 2176 781 2262 singulari
809 2174 948 2262 prodigio
979 2175 1147 2242 ostenderet
1174 2189 1203 2242 et
1225 2177 1414 2246 confirmaret

292 2304 421 2368 divinam
449 2303 526 2366 illam
556 2301 692 2376 tutelam,
724 2323 813 2386 quam
841 2300 988 2364 israelitae
1016 2300 1074 2366 sibi
1103 2300 1307 2377 vindicabant,
1338 2304 1414 2388 quid

292 2451 369 2517 opus
392 2437 469 2503 erat',
493 2440 528 2493 ut
551 2425 632 2491 orbis
656 2429 753 2490 nostri
776 2429 886 2490 rotatio
907 2426 1082 2492 sisteretur?
1104 2426 1144 2490 Et
1159 2430 1226 2512 quis
1242 2449 1333 2492 sanus
1350 2449 1414 2494 cre·

292 2554 398 2618 diderit
425 2565 536 2619 tantam
565 2554 699 2614 universi
724 2551 827 2616 mundi
857 2551 1120 2637 interpellationem
1142 2574 1161 2614 a
1184 2550 1412 2638 Sapientissimo

290 2681 416 2746 Rectore
439 2677 589 2744 inductam
612 2698 691 2753 esse,
716 2675 904 2742 solummodo
927 2689 962 2740 ut
978 2675 1118 2742 Auroraci
1140 2676 1269 2742 divinam
1290 2700 1412 2744 manum

291 2809 322 2870 in
343 2804 481 2870 Israelitis
500 2802 677 2868 auxiliandis
694 2800 908 2889 agnoscerent?
931 2800 1029 2866 Saxea
1045 2801 1092 2869 illa
1107 2801 1221 2889 grando
1237 2801 1412 2870 fulminibus

291 2932 463 3004 eornmixta,
495 2949 569 3013 quae
599 2930 712 3013 impetu
739 2949 795 2990 suo
819 2939 898 2992 totas
922 2926 1060 2992 cohortes
1083 2931 1261 3013 prostravit,
1291 2927 1412 2994 ibrtiori

291 3065 463 3141 argumento
494 3064 570 3128 erat,
603 3074 691 3138 quam
720 3055 841 3138 quaevis
871 3055 1068 3118 astronomiae
1100 3051 1256 3118 subversio
1271 3046 1301 3134 ¹).
1350 3052 1413 3118 Sed

289 3199 381 3266 paene
405 3176 567 3242 absurdum
591 3189 635 3240 est
659 3175 693 3240 de
716 3177 768 3240 tali
790 3197 822 3240 re
845 3180 1029 3253 ratiocinari,
1055 3195 1147 3264 qurlm
1170 3201 1207 3242 ne
1230 3177 1321 3244 verba
1344 3182 1413 3265 qui·

291 3305 355 3370 dem
379 3306 486 3370 veteris
515 3303 675 3366 cantilenae
705 3302 793 3366 ullam
822 3306 896 3366 tanti
919 3302 1049 3389 prodigii
1073 3303 1315 3390 significationem
1338 3327 1412 3370 con·

289 3435 410 3499 tineent.
457 3429 496 3494 Et
524 3429 640 3492 tametsi
668 3427 767 3494 scriba
786 3428 1019 3504 Masoretbicus‚
1050 3447 1109 3514 qua
1133 3441 1195 3494 erat
1217 3432 1248 3494 in
1270 3441 1412 3515 portenta

289 3558 504 3643 propensione,
530 3565 647 3618 vetusta
671 3552 762 3618 verba
784 3556 814 3618 in
838 3552 946 3618 stolida
969 3575 1024 3616 sua
1046 3554 1146 3641 glossa
1170 3555 1252 3626 aliter
1275 3576 1309 3618 ae
1331 3553 1411 3621 dicta

290 3694 360 3745 sunt
374 3681 526 3764 acceperit,
550 3677 662 3742 Jeseias
678 3691 785 3756 tamen,
807 3683 858 3766 qui
873 3678 981 3745 librum
996 3678 1193 3744 lasbarenum
1208 3679 1409 3768 proculdubio

289 3817 472 3880 versaverat,
497 3802 606 3870 Josuae
630 3807 783 3870 victoriam
807 3825 873 3902 cum
896 3823 930 3873 ea
952 3826 1055 3892 pugna
1076 3825 1171 3890 prope
1192 3803 1410 3872 baal-Praete

366 4055 384 4120 ¹)
408 4050 498 4108 Talem
517 4069 570 4106 rem
588 4070 634 4124 pro
654 4053 728 4126 signo
748 4051 849 4106 adversi
873 4053 985 4109 numinis
1003 4050 1043 4109 vel
1063 4051 1092 4104 ah
1112 4052 1196 4122 impiis
1216 4050 1303 4106 haberi
1322 4068 1409 4122 posse,

289 4159 378 4205 auctor
401 4159 440 4204 est
460 4125 548 4204 Livius
568 4148 690 4218 (11,62):
714 4149 868 4202 ·Prohibuit
891 4149 965 4202 foeda
990 4157 1142 4219 tempestas,
1167 4167 1222 4202 eum
1242 4148 1365 4222 grandine
1385 4159 1409 4202 et

288 4248 426 4302 tonitribus
447 4248 518 4303 coelo
539 4249 643 4318 dejecta.
681 4247 882 4302 Admirationem
901 4245 993 4302 deinde
1011 4247 1095 4312 auxit,
1114 4248 1189 4318 signo
1208 4248 1320 4317 receptui
1340 4247 1409 4312 dato,

290 4345 352 4400 adeo
377 4346 514 4417 tranquilla
538 4349 660 4402 serenitas
683 4346 796 4400 reddita:
820 4354 850 4400 ut
868 4345 938 4402 velut
962 4347 1066 4400 numine
1089 4346 1176 4418 aliquo
1202 4344 1306 4400 defensa
1327 4354 1410 4400 eastre

290 4460 435 4514 oppugnare
454 4447 545 4499 iterum
564 4445 663 4518 relligio
683 4443 786 4503 fucrit·
