3172 5186
846 405 924 483 848

326 613 472 708 possit¹);
499 639 594 706 neque
621 618 705 682 aliam
728 638 792 681 esse
815 617 1052 681 sacramentalem
1074 616 1168 694 illam,
1195 637 1285 705 quam
1307 617 1449 704 perhibe-

326 767 409 820 mus,
434 742 539 808 Sacrae
563 741 733 830 Scripturae
756 738 882 806 indolem
898 735 930 825 ¹),
954 764 1058 828 nempe
1081 717 1226 829 augustos
1250 742 1317 806 illos
1339 741 1446 818 libros,

326 871 378 955 qui
400 867 530 932 visibiles
560 879 630 930 sunt
653 879 682 930 et
705 869 855 952 corporei,
885 868 993 952 spiritu
1014 879 1112 930 tamen
1135 865 1276 930 invisibili
1299 869 1447 932 animatos

326 1013 398 1058 esse.
439 992 588 1078 Denique,
619 1013 711 1078 quum
734 990 771 1054 ad
794 990 878 1054 Fidei
902 989 1097 1056 Christianae.
1110 995 1308 1078 patrocinium
1332 990 1447 1057 accedi·

326 1139 407 1194 mus,
431 1115 633 1181 advocationis
656 1119 935 1196 nostrae¹interest,
959 1129 995 1182 ut
1017 1117 1153 1181 simulata
1175 1116 1225 1181 illa
1248 1116 1393 1181 suburbia
1416 1129 1447 1182 et

325 1243 559 1329 propugnacula,
584 1262 659 1328 quae
680 1244 777 1328 primo
800 1241 932 1305 bostium
948 1243 1059 1328 impetu
1074 1254 1313 1328 perrumpentur,
1338 1241 1444 1307 sedulo

327 1371 493 1434 omittentes
516 1367 562 1431 vel
584 1369 686 1454 potius
699 1367 788 1430 ,ultro
813 1364 988 1451 dejicientes,
1012 1369 1043 1430 in
1066 1388 1161 1464 apcem
1183 1336 1445 1455 inexpugnabilem

326 1491 539 1579 confugiamus,
565 1513 640 1579 quae
664 1493 761 1555 omnia
783 1489 821 1554 ad
844 1494 1045 1558 necessitatem
1070 1491 1173 1555 salutis
1195 1494 1374 1578 pertinentia
1392 1515 1446 1558 cu·

326 1617 428 1695 stodit,
451 1639 505 1682 nee
528 1617 632 1704 cupide
656 1628 791 1682 tucamur
806 1637 854 1680 eas
877 1617 1032 1682 hominum
1055 1619 1210 1704 opiniones
1234 1638 1310 1704 quae
1326 1614 1446 1682 delendi

326 1756 485 1831 nequeunt,
510 1741 563 1808 sed
583 1743 701 1807 illorum
725 1742 859 1829 exemplo
883 1741 1025 1807 admoniti
1044 1745 1095 1829 qui
1111 1763 1207 1806 casam
1223 1745 1281 1806 cito
1297 1744 1446 1808 ruituram

326 1871 357 1932 in
378 1867 469 1932 iluxis
497 1890 531 1932 ac
560 1866 761 1932 diffluentibus
789 1871 884 1932 arenis
907 1866 1091 1933 aedificantes
1114 1870 1232 1954 pietatis
1255 1866 1445 1957 naufragium

325 1995 489 2082 patiuntur,
514 1992 638 2056 solidam
661 1995 796 2058 ecclesiae
818 2005 938 2058 nostrae
961 1993 1062 2059 aedem
1085 1995 1269 2085 sempiternis
1285 2014 1371 2058 verae
1388 1991 1445 2057 do-

327 2120 435 2183 ctrinae
457 2115 655 2184 fundamentis
678 2116 869 2184 stabiliamus.

329 2302 539 2314 ---.----.

402 2409 420 2474 ¹)
444 2407 536 2462 Joann.
550 2409 597 2476 ΙΙΙ,
610 2408 635 2475 5,
649 2408 678 2464 6:
696 2406 744 2464 ἐὰν
760 2409 797 2480 μὴ
814 2428 851 2469 τις
867 2411 983 2484 γεννηθῇ
1000 2413 1027 2473 ἐξ
1044 2408 1141 2491 ῦοΙάτοςΙ
1157 2411 1184 2476 (i.
1196 2428 1215 2464 e.
1229 2428 1273 2480 per
1287 2411 1443 2482 baptismum

325 2505 437 2571 fidelem)
461 2507 507 2559 uel
530 2507 677 2580 πνεύματος
698 2509 725 2574 (ἰ.
744 2524 765 2560 e.
789 2524 833 2578 per
857 2506 995 2579 spiritalem
1022 2507 1256 2576 sanctificationem)
1280 2508 1443 2563 ealdelmus

325 2607 455 2660 εἰσελθεῖν
477 2607 514 2663 εΙς
535 2601 582 2671 τὴν
604 2597 742 2674 βοσολείαν
764 2607 808 2659 τοῦ
829 2606 904 2660 Θεοῦ.
941 2603 969 2659 τὸ
990 2608 1183 2684 γεγεννημένον
1205 2609 1233 2659 la
1253 2606 1295 2672 τῆς
1318 2604 1443 2677 σαρκὸς

325 2703 391 2779 σάρξ
405 2705 486 2756 ἐστιν·
506 2703 552 2756 καὶ
569 2699 596 2755 τῦ
615 2705 807 2776 γεγεννημένον
824 2707 852 2758 ἐκ
869 2703 914 2758 τοῦ
930 2685 1117 2775 πνεύματος
1133 2704 1238 2775 πνεῦμά
1255 2707 1334 2758 ἐστιν.
1368 2706 1442 2760 Hanc

325 2803 555 2874 regenerationem,
575 2817 639 2872 quac
657 2819 672 2855 a
690 2817 777 2856 carne
795 2800 926 2867 abhorret,
947 2819 959 2854 a
978 2806 1080 2855 mundo
1094 2803 1167 2856 etiam
1181 2801 1326 2869 abhorrere,
1346 2803 1441 2857 diserte

326 2900 400 2954 docet
422 2901 535 2954 loannes
561 2898 635 2972 lEp.
648 2901 680 2964 V,
700 2897 741 2965 18,
756 2897 802 2952 19:
829 2900 941 2971 οἴδαμεν
963 2898 1002 2952 dre
1023 2901 1075 2958 πᾶς
1099 2898 1112 2954 ὅ
1136 2903 1324 2973 γεγεννημένος
1346 2903 1375 2955 ἐκ
1397 2903 1441 2956 τοῦ

327 2998 409 3062 Θεοῦ,
434 2999 481 3068 οὐχ
504 2996 664 3073 ἅμαροάνεο·
693 2997 750 3051 ἄλλ’
771 2995 785 3050 ὃ
807 2997 947 3068 γεννηθεΙς
969 2999 997 3050 ἐκ
1017 2999 1060 3052 τοῦ
1080 2999 1148 3053 Θεοῦ
1164 3003 1235 3072 τηρεῖ
1252 2997 1343 3053 ἑαυτόν
1360 2998 1439 3053 καὶὸ

324 3091 440 3170 πονηρός
463 3095 510 3166 οὐχ
530 3094 634 3150 ἅπτεται
652 3095 742 3150 αὐτοῦ·
770 3096 882 3166 οἴδαμεν
900 3093 938 3148 ὅτε
955 3097 983 3148 ἐν
1001 3097 1045 3150 τοῦ
1064 3097 1132 3152 Θεοῦ
1148 3099 1228 3169 ἐσμεν
1245 3098 1292 3151 καὶ
1309 3095 1323 3151 ὅ
1343 3098 1440 3170 κόσμος

324 3191 383 3252 ὅλος
400 3195 429 3246 εν
446 3193 480 3264 τῷ
497 3193 604 3268 πονηρῷ
620 3198 710 3248 κεῖται.
734 3193 800 3246 Vide
819 3210 896 3264 supra
914 3211 954 3266 pp.
967 3190 1011 3259 68,
1024 3192 1066 3248 69.

399 3290 419 3358 ²)
442 3291 617 3362 Hieronymus
640 3291 671 3344 dc
688 3291 844 3364 Apocalypsi
862 3291 986 3362 loquens,
1009 3299 1092 3362 »quot
1110 3293 1202 3348 verba·
1220 3295 1305 3365 inquit
1322 3302 1378 3347 »tot
1396 3313 1437 3348 aa·

325 3399 473 3445 crementa·
