3160 5170
642 1183 796 1286 PARS
836 1179 1093 1296 QUARTA.

505 1421 598 1509 Leges
623 1419 738 1484 divinae
760 1415 859 1505 probo
882 1415 997 1504 populo
1022 1413 1233 1482 observandae.

764 1613 972 1620 Ἥμ-

621 1745 922 1872 nnleuunuun
947 1795 1123 1868 nemun.

651 1979 754 2037 Decem
769 1975 918 2036 Probitetis
933 1974 1091 2050 Praecepta„

817 2150 923 2159 ..---

309 2289 412 2339 DeutV,

332 2355 394 2397 149,
438 2318 470 2379 [1]
494 2310 595 2373 Moses
620 2308 796 2372 convocavit
818 2323 933 2369 omnem
956 2302 1105 2379 lsraelem,
1130 2305 1224 2367 etsie
1246 2301 1337 2366 dixit:

493 2433 589 2510 Audi,
619 2431 723 2508 lsrael,
755 2442 865 2495 statuta
895 2451 929 2493 ae
946 2430 1017 2514 jura
1040 2449 1116 2516 quae
1137 2427 1225 2493 vobis
1249 2425 1338 2491 hodie
1361 2448 1436 2514 pro·

900 2554 1012 2642 mulge.

495 2684 575 2749 Haee
598 2682 715 2758 discite,
740 2680 812 2745 haee
834 2692 870 2744 ut
893 2676 1056 2744 observetis
1079 2677 1308 2743 recordaminor.
1413 2727 1419 2736 .

437 2821 470 2882 [a]
494 2809 609 2874 Jehove
631 2806 713 2871 Deus
742 2819 844 2871 noster
873 2805 979 2870 foedus
1004 2802 1160 2869 nobiseum
1183 2807 1214 2868 in
1235 2802 1357 2870 Herebo
1381 2827 1436 2892 pe-

898 2933 990 3017 pigit;

438 3071 471 3132 [e]
495 3055 564 3123 Non
588 3079 654 3122 eum
676 3055 812 3144 patribus
836 3057 948 3120 nostris
971 3067 1090 3141 paettun
1105 3057 1185 3132 iniit,
1211 3054 1264 3119 sed
1278 3052 1436 3120 nobiseum

900 3178 1047 3257 omnihus,

496 3308 554 3392 Qui
577 3319 746 3395 praesentes
770 3304 859 3370 hodie
884 3318 913 3369 et
935 3308 1068 3371 viventes
1091 3303 1243 3370 adsumus.

334 3498 336 3503 s
438 3447 471 3507 [t]
498 3432 607 3499 Coram
633 3433 682 3498 llle
706 3431 861 3499 vobiscum
884 3432 1002 3495 loeutus
1026 3443 1071 3496 est
1093 3434 1124 3495 in
1147 3442 1246 3497 monte
1269 3441 1299 3496 et
1321 3434 1352 3495 in
1375 3451 1438 3496 me·

902 3555 950 3620 dio
974 3558 1053 3643 igne.

445 3696 478 3757 [a]
501 3682 566 3771 Ego
590 3703 661 3746 vero
677 3675 697 3763 ¹)
721 3694 792 3746 tune
815 3685 891 3747 inter
913 3680 1058 3747 Jehovam
1082 3694 1112 3745 et
1133 3684 1210 3747 inter
1231 3704 1287 3748 uns
1311 3680 1436 3759 stabam,

496 3807 534 3872 Ut
556 3807 687 3873 Jehovae
710 3806 800 3872 verbe
824 3806 910 3872 vohis
934 3809 1145 3872 renunciarem.

314 3965 528 3978 *—

390 4056 408 4123 ¹)
434 4055 503 4108 Haee
517 4053 595 4108 verba
607 4053 716 4108 Dathiua
736 4051 821 4124 (eujue
840 4061 927 4110 notam
946 4052 1159 4108 Roeenmtlllerne
1179 4054 1234 4109 eine
1253 4053 1306 4108 ulla
1325 4057 1438 4110 auetorie

312 4155 443 4208 mentione
463 4161 491 4206 nt
510 4170 581 4206 enam
601 4151 720 4224 pretulit)
739 4153 883 4224 parenthesi
903 4152 1055 4207 includenda
1073 4161 1167 4209 menet.
1200 4152 1251 4208 Sed
1271 4154 1318 4208 etei
1337 4153 1439 4210 leheva

313 4251 462 4324 decalogum
488 4269 571 4305 eoram
595 4251 691 4324 popule
717 4255 905 4324 pronuntiavit,
930 4251 1061 4306 israelitae
1084 4270 1144 4324 prae
1166 4255 1258 4307 timore
1279 4253 1436 4308 tremendam

312 4349 381 4403 illam
401 4352 498 4405 tonitru
520 4353 678 4406 commistam
698 4368 786 4406 vneem
805 4368 857 4405 non
875 4349 1077 4415 intellexissent,
1096 4351 1146 4406 nisi
1165 4353 1251 4407 llesee
1271 4359 1372 4423 praeite
1393 4349 1438 4406 ad-

312 4445 420 4517 fuimet,
440 4450 484 4520 qui
502 4449 549 4506 Dei
569 4451 645 4506 verba
664 4452 791 4522 exciperet
810 4457 835 4504 et
853 4451 1070 4520 interpretaretur.
