3166 5178
714 369 763 442 35

177 576 230 642 sed
253 576 415 642 humanum
444 596 508 642 esse
531 588 561 641 et
582 590 768 642 mansuetum
792 597 862 665 erga
885 575 1002 656 omnes,
1033 577 1225 666 prolataudae
1249 601 1299 643 eo·

176 705 305 790 gnitioni
328 701 475 780 deditum,
503 701 663 767 calumnias
686 701 874 780 tolerantem,
905 724 1019 768 summa
1041 723 1158 768 morum
1180 703 1299 769 lenitate

177 829 368 915 castigantem
393 847 444 891 eos
468 829 520 916 qui
542 827 626 893 aliter
649 829 794 905 sentiunt,
820 830 847 892 si
869 825 945 893 sorte
969 827 1021 892 dat
1042 827 1099 892 illis
1122 827 1203 894 Deus
1226 849 1299 915 poe-

176 955 330 1018 nitentiam
358 951 397 1016 ad
418 954 571 1017 veritatem
600 952 850 1040 cognoscendam,
882 956 908 1016 si
936 952 1013 1018 lorte
1041 952 1154 1042 laqueis
1177 975 1208 1019 se
1230 974 1299 1041 pee-

177 1081 235 1141 cati
257 1077 430 1163 expediant,
456 1098 548 1165 Qum
570 1089 745 1164 praeceptor
768 1099 819 1142 eos
842 1090 984 1166 tanquam
999 1078 1152 1142 hominum
1168 1081 1300 1166 piscator

176 1202 411 1267 atumultuosis
441 1201 545 1267 muudi
575 1201 716 1268 fluetibus
746 1205 900 1289 eripuerit,
931 1216 1020 1291 atque
1048 1202 1086 1268 ad
1108 1202 1164 1268 Dei
1191 1204 1299 1268 volun-

176 1339 268 1393 tatem
291 1328 510 1415 exsequendam
534 1327 725 1392 adduxerit«

268 1451 359 1535 Quod
393 1451 431 1516 ad
463 1452 543 1516 hunc
572 1451 703 1518 lahorem
733 1455 851 1531 attinet,
886 1455 919 1517 in
946 1451 1117 1541 fragmentis
1146 1450 1298 1518 Hebraicis

178 1577 366 1643 enucleandis
389 1580 536 1664 positum,
561 1580 632 1642 satis
657 1577 792 1666 equidem
816 1580 876 1642 scio
900 1601 962 1642 rem
984 1601 1046 1642 non
1069 1581 1111 1641 ita
1133 1580 1164 1642 in
1184 1577 1298 1666 liquido

177 1725 259 1780 esse,
289 1715 325 1766 ut
348 1704 446 1766 omnia
469 1714 499 1766 et
521 1703 638 1790 singula
660 1725 716 1790 pro
741 1705 827 1767 certis
850 1702 1025 1768 habeantur.
1062 1701 1204 1790 Quisquis
1222 1705 1299 1766 enim

178 1849 292 1893 cassam
315 1849 348 1892 ae
369 1827 502 1892 mutilam
525 1830 731 1915 antiquitatem
755 1826 811 1891 sibi
833 1828 1016 1892 tractandam
1032 1830 1137 1904 sumit,
1161 1825 1193 1902 ἒς
1208 1821 1298 1912 ‹tpa-
1381 1906 1386 1921 Ι

179 1957 231 2029 vie
257 1947 316 2017 τὸν
343 1951 455 2035 μῦθον
485 1949 653 2027 ἀνενείκας
681 1944 740 2016 oria
766 1949 832 2033 ἔχει
854 1949 986 2033 ἔλεγχον
1009 1948 1139 2035 (Herod.
1160 1951 1199 2029 Il,
1224 1947 1297 2034 23).

177 2076 276 2142 Erunt
297 2099 368 2165 ergo
393 2078 573 2166 complures,
599 2076 707 2165 quibus
730 2099 824 2142 meam
846 2081 990 2142 rationem
1013 2100 1075 2143 non
1099 2079 1152 2142 sim
1175 2099 1299 2164 persua-

179 2223 284 2279 surus3
314 2202 362 2267 alii
386 2201 547 2266 concedent
569 2202 809 2266 verisimillimum
833 2224 897 2266 esse
921 2204 1033 2280 omnia,
1065 2223 1140 2290 quae
1165 2203 1300 2292 disposui

179 2325 356 2414 fragmenta,
393 2325 431 2390 ad
458 2326 651 2392 Jasharanam
687 2327 766 2390 illam
799 2327 1002 2414 anthologiam
1035 2325 1188 2393 referenda
1219 2305 1308 2408 esses

180 2450 234 2514 sed
261 2450 294 2515 id
320 2473 382 2514 non
410 2453 452 2515 ita
479 2451 574 2515 fixum
605 2448 774 2538 certumque
803 2473 882 2528 esse,
914 2464 951 2515 ut
978 2451 1173 2516 demonstrari
1202 2467 1299 2541 queat.
1393 2489 1396 2498 ·

106 2633 108 2636 .
179 2571 221 2640 Ut
249 2574 326 2639 dixit
349 2575 418 2640 olim
441 2579 488 2640 vir
517 2576 636 2664 quidam
665 2578 696 2640 in
726 2576 773 2638 his
800 2575 904 2640 litteris
928 2578 1079 2662 princeps:
1109 2589 1301 2664 »argumenta

182 2721 282 2764 omnes
306 2697 494 2766 difficultates
516 2703 699 2766 removentia
718 2699 901 2786 produxisse
917 2702 1035 2764 minime
1051 2700 1149 2765 eredo.
1185 2699 1301 2784 Quodsi

181 2827 228 2888 cui
251 2847 366 2889 summa
388 2829 570 2913 quaestionis
594 2825 791 2913 displicuerit,
822 2827 919 2912 capiat
941 2825 1009 2889 inde
1033 2838 1128 2889 cetera
1150 2825 1248 2903 utilia,
1276 2828 1301 2889 si

181 2971 241 3036 qua
263 2949 359 3016 obiter
382 2950 548 3016 docuimus.
584 2949 645 3015 Sed
666 2950 740 3015 nihil
758 2948 912 3037 prohihet,
938 2953 1097 3037 quominus
1113 2963 1217 3016 nostra
1231 2972 1301 3016 vera

181 3077 271 3138 sint«
305 3073 381 3140 Nam
403 3098 490 3140 nemo
513 3097 646 3164 unquam
670 3078 924 3163 argumentatione
948 3077 1076 3152 evincet,
1102 3088 1138 3140 ut
1155 3076 1248 3140 ullum
1270 3079 1301 3140 in
1384 3125 1388 3134 .

180 3199 240 3262 hoc
267 3199 344 3264 libro
373 3199 569 3288 fragmentum
592 3200 757 3266 Jasharuno
786 3203 967 3288 syntagmati
995 3198 1223 3286 abjudicandum
1252 3203 1300 3276 sit,

182 3336 212 3388 et
234 3346 326 3412 quum
349 3329 555 3414 unusquisque
577 3329 673 3414 prima
696 3328 887 3403 concesserit,
912 3347 998 3390 nemo
1024 3327 1233 3412 consequentia
1255 3347 1302 3389 re-

180 3448 353 3537 prehendet.
399 3450 514 3539 Atque,
543 3465 579 3516 ut
606 3464 642 3516 ut
670 3462 808 3518 censeant
831 3452 886 3515 viri
916 3442 996 3515 docti
1020 3450 1056 3514 de
1079 3452 1186 3513 criticis
1210 3449 1302 3535 hujus

183 3577 282 3661 operis
304 3574 487 3653 rationibus,
511 3574 641 3641 manebit
662 3588 761 3641 tamen
783 3575 866 3640 haud
887 3578 1008 3639 minima
1030 3575 1111 3651 laus,
1137 3572 1220 3661 quod
1241 3575 1303 3660 pri·

181 3721 248 3763 mus
278 3699 367 3764 docui
396 3699 542 3766 dorsalem
572 3702 720 3789 quandam
746 3703 861 3788 spinam
883 3723 938 3788 per
959 3712 1057 3766 totum
1078 3698 1174 3764 Vetus
1198 3697 1304 3763 Testa-

180 3838 313 3890 mentum
336 3846 468 3903 ourrere,
494 3826 636 3913 disruptis
660 3825 793 3914 quidem,
819 3824 872 3890 sed
893 3828 971 3891 inter
993 3847 1025 3890 se
1041 3823 1302 3900 consentientibus,

182 3949 341 4027 vertebris,
367 3972 442 4038 quae
465 3952 559 4037 ipsam
583 3950 700 4016 divinae
714 3953 848 4015 veritatis
871 3948 1028 4015 medullam
1051 3952 1212 4023 contineat,
1238 3949 1305 4033 qui-

181 4073 240 4139 bus
270 4087 374 4139 cuneta
408 4075 458 4140 illa
484 4074 582 4139 Bibba
610 4098 718 4140 nervos
750 4097 822 4140 suos
853 4098 887 4140 ae
916 4079 994 4140 vires
1023 4086 1157 4160 acceptas
1186 4069 1303 4134 referre.

181 4197 295 4265 Verum
323 4203 488 4278 enimvero,
518 4200 621 4266 laudes
649 4201 805 4266 hominum
835 4221 897 4265 non
921 4221 1064 4286 aucupor.
1111 4195 1227 4264 Judieia
1248 4195 1306 4259 ho-

181 4327 295 4390 minum
329 4348 391 4390 non
424 4327 566 4412 suspicio.
614 4325 764 4390 »Domino
800 4346 865 4389 meo
901 4338 954 4390 aut
988 4321 1074 4388 stabo
1102 4333 1156 4386 aut
1184 4321 1305 4386 cadam«

183 4445 284 4532 (Rom.
300 4449 380 4528 XlV,
397 4446 442 4534 4).
486 4449 526 4516 Et
548 4473 640 4539 quum
664 4449 765 4516 divina
788 4469 833 4514 me
855 4449 1045 4538 providentia
1068 4448 1181 4534 ajuris
1205 4445 1306 4512 studio

1055 4567 1093 4624 3·
