3160 5170
722 285 931 399 ..ΑΘ-4..

267 478 428 599 Num-Xfflj
451 497 554 588 Neque
578 502 654 563 enim
676 497 873 563 idololatriam
897 498 990 561 cernit
1011 497 1088 562 iuter
1110 494 1269 575 Jacobitas,

447 625 550 713 Neque
574 628 758 711 iniquitatem
782 626 858 686 inter
880 622 1035 688 Israelitas.

448 749 562 814 debora
586 749 667 813 Dcus
690 752 767 813 inter
790 769 841 812 eos
864 761 1010 823 versatur,

451 872 508 938 Cui
532 887 566 938 ut
588 877 651 961 regi
675 895 730 937 suo
750 854 911 958 jubilantes
935 872 1105 937 acclamant.

380 1015 427 1071 [aa]
452 999 533 1064 Deus
557 997 683 1062 deduxit
706 1020 757 1062 cos
780 1020 817 1062 ex
839 997 990 1086 Aegypto.

448 1125 584 1211 Ingentes
608 1136 679 1186 sunt
702 1144 804 1186 eorum
828 1125 905 1186 vires
927 1135 1069 1210 tanquam
1090 1120 1177 1187 bovis
1200 1120 1312 1188 bullcli.

381 1266 429 1323 [aa]
452 1248 574 1313 Nullum
598 1252 673 1312 enim
697 1260 742 1312 est
765 1249 922 1335 augurium
946 1261 1049 1313 contra
1071 1247 1230 1323 Jaccbitas,

449 1374 537 1439 Nulla
561 1386 664 1438 contra
685 1373 830 1436 Israelitas
854 1374 1024 1437 incantatio.

451 1500 583 1588 Tempus
606 1502 713 1574 instat,
738 1519 830 1585 quum
852 1495 1072 1584 praedicabitur
1094 1497 1131 1562 de
1153 1495 1296 1563 Jacobitis

449 1625 488 1689 Et
512 1625 546 1689 de
569 1624 722 1688 Israelitis:
747 1633 864 1710 quauta
879 1620 961 1710 fecit
981 1623 1092 1689 Deua!

382 1766 429 1820 [se]
452 1750 527 1814 Ecce
549 1751 597 1814 hic
618 1749 750 1837 populus
774 1761 877 1836 surget
899 1751 976 1812 sicut
997 1748 1113 1824 leaena,

450 1875 489 1938 Et
511 1878 604 1939 instar
625 1875 719 1938 leonis
743 1896 774 1938 se
798 1877 898 1962 eriget.

451 1999 519 2063 Non
542 2002 626 2086 prius
649 1997 800 2062 recumbet
822 2021 910 2086 quam
933 2001 1047 2063 vorarit
1068 1998 1221 2085 praedam,

452 2123 547 2208 Quam
571 2128 743 2212 sanguinem
767 2128 932 2190 occisorum
956 2124 1098 2190 hauserit.

669 2361 780 2404 aunum
803 2360 982 2404 ranrtcutn.

267 2482 427 2602 Ngmffxffi'
452 2502 532 2566 Dicit
553 2501 701 2565 Dileamus
724 2501 802 2564 filius
825 2500 939 2577 Remis,

451 2628 529 2692 Dicit
552 2631 606 2702 vir,
632 2629 679 2689 cui
703 2625 807 2689 oculus
831 2639 951 2713 apertus
976 2638 1035 2703 cst,

394 2768 428 2824 [e]
453 2753 531 2816 Dicit
553 2755 588 2828 is,
615 2754 666 2836 qui
689 2749 779 2814 verba
803 2750 886 2815 audit
909 2750 1022 2827 divina,

451 2876 510 2960 Qui
533 2878 597 2939 visa
621 2879 832 2964 omnipotentis
856 2875 944 2952 vidit,

450 3002 614 3088 Prolapsus
638 3013 668 3065 et
689 3005 817 3065 retectis.
830 3001 938 3064 cerdis:

393 3143 427 3199 [51
453 3127 547 3210 Quam
570 3127 674 3214 pulcra
697 3138 767 3190 suut
789 3128 918 3189 tentoria
941 3139 1007 3202 tua,
1033 3149 1052 3190 o
1075 3123 1199 3201 tacebo,

449 3252 488 3317 Et
510 3252 709 3317 habitationes
733 3265 816 3327 tuae,
843 3274 860 3315 ο
883 3251 982 3315 lsrael.

393 3394 426 3450 [e]
451 3377 547 3443 Instar
569 3379 745 3442 torrentium
770 3389 945 3463 exporrecta
969 3387 1053 3452 suut,

448 3504 545 3568 Instar
567 3503 725 3568 hortorum
748 3501 786 3566 ad
808 3501 934 3578 flumen,

449 3631 544 3694 Instar
567 3628 805 3717 agallochorum,
831 3649 905 3714 quas
929 3626 1075 3713 plantavit
1096 3624 1225 3702 labora,

449 3755 545 3818 Instar
568 3753 724 3818 cedrorum
742 3755 832 3838 juxta
856 3774 958 3839 aquas.

395 3897 428 3951 [a]
451 3879 606 3943 Profluent
627 3878 740 3944 fluenta
763 3899 800 3942 ex
824 3879 887 3962 ejus
912 3878 1018 3952 situlis,

448 4005 487 4069 Et
510 4027 608 4069 semen
632 4006 695 4089 ejus
720 4007 775 4068 erit
797 4006 828 4066 in
851 4002 950 4066 multis
973 4002 1102 4068 fluentis.

448 4130 504 4195 Vel
526 4130 634 4218 Agaga
659 4129 815 4194 sublimior
839 4131 895 4192 erit
916 4150 970 4193 rex
993 4129 1067 4214 ejus,

448 4257 488 4320 Et
510 4255 689 4321 exaltabitur
712 4277 835 4344 regnum
860 4255 932 4340 ejus.

397 4397 429 4451 [⁸1
453 4382 534 4446 Deus
558 4382 683 4447 deduxit
706 4403 772 4446 eum
797 4403 835 4446 ex
857 4380 1008 4468 Aegypto.
