3160 5170
754 377 965 488 Q

303 587 487 674 depingeret,
518 609 580 652 non
609 587 700 651 modo
732 588 887 651 verisimile
917 600 975 664 est,
1006 585 1058 649 sed
1085 589 1188 672 potius
1218 588 1429 663 certissimum,

303 712 377 776 illud
398 715 430 775 in
453 713 622 777 collectione
638 711 801 778 Jasharana
817 713 916 776 locum
940 724 1163 798 occupaturum.
1197 707 1282 788 Nam,
1308 709 1431 796 siquid

302 838 451 914 videmus,
482 842 539 901 ista
567 837 700 902 collectio
723 850 882 924 propterea
904 837 982 902 edita
1006 849 1065 914 est,
1090 849 1125 900 ut
1149 833 1262 900 Summi
1285 833 1429 898 Numinis

192 1003 194 1007 ν
301 960 535 1027 benedictionem
559 975 588 1026 et
609 965 739 1041 tutelam,
766 976 854 1050 atque
878 963 933 1026 alia
957 965 1056 1026 omnia
1079 983 1154 1049 quae
1166 963 1356 1048 probitatem
1379 983 1413 1025 se

303 1100 472 1175 querentur,
497 1111 563 1152 eum
587 1101 718 1152 anteacta
742 1089 839 1152 dilecti
862 1089 967 1175 populi
989 1088 1115 1151 historia
1132 1100 1161 1151 et
1182 1109 1247 1151 cum
1263 1089 1427 1174 praesenti,

303 1214 396 1299 qualis
427 1212 482 1277 sub
508 1212 668 1277 Solomone
692 1213 762 1291 luit,
793 1213 943 1277 laustitate
973 1215 1131 1299 conjuncta
1156 1235 1219 1276 esse
1244 1211 1427 1276 ostenderet.

304 1336 383 1419 Quid
406 1341 497 1425 igitur
519 1339 730 1425 significantius
754 1337 839 1415 soret,
865 1359 952 1425 quam
974 1351 1071 1402 vatem
1095 1359 1226 1415 avarum,
1250 1339 1426 1424 malignum,

303 1465 459 1526 inimicum
474 1463 613 1528 exhibere
637 1487 652 1528 e
675 1487 789 1529 summa
811 1486 885 1550 rupe
909 1466 939 1527 in
954 1463 1151 1527 Israelitarum
1172 1467 1300 1527 tentoria
1324 1462 1428 1549 despi-

303 1591 425 1652 cientem
460 1601 548 1676 atque
576 1589 645 1654 inde
676 1590 711 1653 de
745 1589 894 1676 probitate
930 1611 1032 1653 eorum
1068 1602 1097 1653 ct
1127 1601 1253 1652 ventura
1286 1586 1426 1652 felicitate

304 1715 547 1778 concionantem?
602 1715 651 1778 Ex
679 1717 721 1778 rei
751 1717 845 1801 ipsius
874 1727 980 1778 natura
1014 1714 1107 1801 liquet
1140 1714 1216 1777 hane
1249 1713 1426 1776 eantIIenam

303 1839 473 1925 simpliciter
499 1844 644 1927 poeticam
674 1863 736 1903 esse
766 1852 795 1904 ct
824 1841 986 1904 confictam.
1042 1839 1115 1921 Quis
1150 1842 1226 1902 enim
1256 1861 1294 1902 ex
1322 1841 1425 1904 amicis

301 1962 497 2027 Israelitarum
519 1966 576 2029 talc
599 1968 798 2052 praeconium,
824 1967 964 2029 assistens
987 1965 1160 2052 prophetae,
1186 1966 1280 2050 ipsius
1297 1985 1350 2027 ore
1371 1987 1426 2028 ex-

192 2171 193 2176 *
304 2099 418 2174 ceptum
449 2089 552 2153 litteris
582 2090 756 2154 mandaret?
801 2090 905 2178 Neque
935 2095 1011 2155 enim
1033 2089 1080 2153 vel
1109 2093 1172 2188 ipse
1201 2091 1247 2154 vel
1269 2089 1424 2176 Balaquus

303 2212 376 2276 illud
399 2212 455 2276 sibi
479 2237 586 2278 munus
610 2218 724 2302 imponi
747 2219 873 2280 sivisset.
911 2215 944 2279 Si
968 2219 1034 2304 quis
1052 2214 1142 2278 hodie
1158 2218 1241 2290 vivit,
1265 2218 1317 2301 qui
1334 2218 1425 2301 ipsis·

304 2341 377 2401 sima
398 2339 520 2404 Bilcami
547 2340 638 2405 verba
666 2345 823 2405 memoriae
851 2341 970 2428 prodita
999 2340 1090 2404 luisse
1120 2343 1282 2416 existimat,
1312 2343 1337 2403 is
1368 2362 1424 2402 sua

186 2459 189 2466 ’
302 2469 461 2542 sententia,
486 2487 539 2553 per
562 2490 606 2530 me
630 2467 711 2544 licet,
741 2467 889 2531 abutatur.
935 2465 1080 2552 Equidem
1104 2469 1175 2530 satis
1198 2464 1314 2530 habebo
1338 2465 1424 2529 brevi

304 2590 546 2678 comprobatione
570 2591 803 2657 demonstrasse:
839 2586 884 2674 (a)
907 2589 1028 2654 Bilcami
1052 2594 1220 2655 vaticinium
1252 2590 1307 2654 sub
1332 2589 1424 2655 Solo-

302 2735 389 2781 mone
413 2720 555 2804 scriptum
579 2740 651 2795 esse,
677 2714 720 2800 (b)
744 2732 773 2783 et
795 2719 833 2782 ad
855 2717 1011 2782 Jasharani
1033 2716 1101 2781 libri
1124 2729 1328 2804 argumentum
1354 2716 1423 2780 data

304 2863 393 2928 opera
416 2856 557 2929 spectare.

393 2962 424 3047 o)
454 2967 520 3030 Hoc
535 2969 706 3031 vaticinium
728 2992 790 3032 non
814 2972 957 3056 scriptum
980 2991 1042 3033 esse
1067 2978 1137 3032 oete
1153 2965 1343 3032 Solomonem
1359 2989 1422 3032 cer·

293 3093 448 3154 *tissimum
477 3105 530 3155 est.
576 3091 651 3176 Nam
674 3096 704 3156 in
727 3091 815 3157 Num.
832 3091 981 3171 XXIV‚3
1011 3092 1162 3156 indubiam
1189 3091 1332 3156 habemus
1356 3097 1422 3156 imi·

302 3218 444 3279 tationem
471 3215 632 3280 verborum
662 3241 780 3297 corum,
811 3242 886 3307 quae
909 3219 1038 3282 Davides
1068 3217 1105 3282 ad
1133 3218 1221 3282 finem
1243 3221 1321 3282 vitae
1350 3240 1422 3282 suae

303 3344 471 3428 composuit
494 3336 527 3424 (2
545 3341 624 3406 Sam.
641 3343 752 3422 XXIII,
773 3339 821 3427 1)
863 3344 895 3408 Si
918 3343 1044 3408 verba'
1036 3365 1102 3430 ipsa
1123 3346 1219 3408 nostri
1242 3344 1314 3407 loci·
1344 3347 1421 3416 Ubi)

303 3473 383 3570 pan
412 3463 505 3573 unp
535 3475 634 3572 spru
662 3474 755 3573 nau
784 3462 864 3562 ab:
894 3462 956 3541 im
985 3445 1096 3538 urb:
1126 3491 1190 3533 cum
1217 3471 1281 3531 rsus
1305 3425 1420 3532 vernis:

301 3547 353 3662 l'Ill
382 3560 466 3705 Dp'l
484 3551 602 3664 'ilb'l
624 3575 715 3667 DNJl
743 3592 818 3664 lidii·
796 3597 862 3700 ῙΞ
893 3601 956 3666 'tta
985 3600 1061 3686 0252
1086 3589 1251 3680 comparas,
1282 3595 1336 3656 vix
1357 3593 1421 3657 fieri

300 3728 401 3803 potest
424 3697 495 3804 quin
519 3718 673 3783 eundem'
665 3699 696 3782 in
718 3732 847 3806 utroque
870 3721 936 3783 loco
961 3687 1071 3804 stylum
1095 3740 1248 3806 agnoscas
1283 3717 1327 3781 At
1345 3721 1421 3782 enim

301 3863 371 3906 vero
395 3841 430 3904 E.
447 3841 500 3906 W.
516 3841 755 3930 Hengstcnberg,
787 3847 838 3930 qui
866 3844 948 3907 haud
976 3844 1126 3908 indoctam
1155 3842 1190 3908 de
1218 3843 1277 3907 hoc
1306 3847 1420 3908 cantico

301 3965 531 4054 disputationem
562 3966 668 4031 abhinc
698 3968 868 4034 decennium
899 3968 990 4032 edidit
1013 3965 1072 4052 (die
1098 3968 1270 4034 Geschichte
1292 3966 1421 4033 Bileams

299 4092 363 4155 und
386 4096 466 4156 scine
480 4091 737 4181 Weissagungcn,
761 4093 860 4158 Berlin
879 4090 987 4177 1842),
1011 4094 1134 4160 Davidis
1150 4093 1241 4158 verba
1261 4077 1303 4157 ou¹
1314 4107 1420 4159 nostro

299 4217 366 4282 loco
397 4221 516 4282 mutatis
548 4218 696 4284 mutandis
727 4218 882 4306 desumpta
911 4241 973 4283 esse
1001 4219 1110 4285 idcirco
1140 4232 1241 4307 putat,
1273 4223 1344 4306 quia
1373 4219 1421 4282 hie

300 4346 492 4408 vetustiorem
521 4343 644 4409 formam
674 4336 753 4436 lm,
784 4342 825 4407 ibi
850 4367 919 4408 vero
948 4348 1141 4410 recentiorem
1167 4345 1227 4451 Ἰζ
1257 4346 1421 4431 reperimus

301 4459 344 4552 (p.
363 4465 447 4551 134).
481 4467 595 4536 Eorum
617 4483 791 4558 argumento
815 4473 1023 4548 evinceremus,
1047 4470 1078 4535 id
1103 4469 1185 4558 quod
1207 4471 1326 4546 minime
1349 4491 1423 4536 eon-
