3152 5160
675 293 725 366 99

137 512 243 564 natum
271 522 335 564 esse
359 495 469 582 (schol.
492 499 593 587 Apoll.
615 500 716 565 Rhod.
739 503 765 580 l,
790 500 884 586 932).
934 502 1101 588 Quinetiam
1130 504 1259 583 suerunt,

138 627 191 710 qui
215 623 371 689 Noachum
399 637 460 690 tarn
487 648 553 691 cum
575 625 727 714 Dionyso,
758 647 847 714 quam
877 651 943 694 oum
967 628 1084 694 Osiride
1108 652 1261 717 compara·

139 752 253 827 verint3
277 753 318 814 ita
343 751 468 816 Tzetzes
493 746 660 832 (chilVlll.
685 750 869 835 hist.211):

252 905 346 989 ἐγγυς
368 907 453 994 ὁρῶν
475 914 539 978 τῶν
554 903 716 996 ‘epodon
735 907 852 988 Ἰνδίας
876 912 912 977 δὲ
934 907 975 976 col
999 912 1056 1000 ὄρη

254 1015 367 1101 capiat
387 1039 470 1093 τινες
493 1015 655 1103 ἑστήκασι,
678 1017 790 1104 seqlui
813 1023 870 1084 τοῦ
893 1021 1066 1085 Διονύσου·

252 1117 293 1186 cai
315 1128 372 1189 τοῦ
397 1125 544 1209 Θηβαιοῦ
565 1125 646 1204 λέγω
671 1124 708 1188 ds
731 1130 785 1190 καὶ
807 1126 864 1190 τοῦ
887 1123 1058 1208 Ζαβόσκοο
1080 1125 1169 1211 τέλη,

254 1231 312 1295 τοῦ
335 1231 516 1314 οίυουργίας
541 1229 571 1294 d’
589 1225 734 1316 εὑρετοῦ,
760 1237 855 1318 φημί,
880 1233 938 1298 τοῦ
959 1235 1154 1314 Αἰγυπτίου,

251 1339 309 1403 τοῦ
331 1342 415 1402 Nois
437 1343 492 1399 καὶ
508 1333 713 1421 Ὀσίριδος.

136 1497 220 1562 Nihil
243 1497 379 1585 equidem
402 1509 511 1575 statuo,
536 1521 608 1562 num
630 1498 678 1561 hic
693 1502 755 1562 vini
778 1503 929 1577 inventor,
950 1523 1038 1587 quem
1053 1523 1119 1566 cum
1134 1499 1257 1568 Noacho

136 1627 332 1688 commutavit
354 1621 449 1687 scriba
465 1636 588 1698 noster,
616 1645 724 1688 nomen
747 1646 835 1688 suum
858 1624 896 1688 ab
919 1625 1071 1713 Aegyptio
1094 1627 1148 1692 No
1173 1620 1257 1708 (hil)

137 1747 272 1812 derivare
301 1752 442 1835 potuerit.
489 1747 591 1835 Neque
621 1752 698 1813 enim
733 1761 863 1824 constat,
900 1749 973 1836 quid
1002 1749 1059 1814 sihi
1088 1751 1159 1815 velit
1185 1749 1259 1814 illud

137 1865 226 1975 lini}
248 1866 311 1951 83,
336 1876 457 1960 antiqua
474 1871 645 1937 Thebarum
669 1876 731 1938 sivc
754 1870 833 1948 Διὸς
856 1871 980 1948 πόλεως
1003 1875 1166 1962 designatio
1191 1870 1256 1956 (ΕΖ.

135 1997 245 2074 XXX,
272 1996 474 2074 14,15‚16.
505 1999 564 2062 des.
587 1999 697 2074 XLVI,
722 1997 774 2062 25.
804 1997 879 2063 Neh.
901 1999 952 2076 lll,
970 1997 1014 2082 8).
1060 1999 1135 2064 Nam
1159 2014 1259 2066 utrum

135 2127 321 2209 praepositio
352 2126 392 2188 sit
419 2115 465 2194 8]
489 2146 527 2188 au
550 2145 672 2200 nomen,
705 2136 747 2201 et,
778 2127 804 2187 si
825 2147 949 2202 noman,
979 2138 1080 2191 utrum
1102 2130 1259 2212 proprium

136 2271 174 2311 an
206 2247 431 2334 appellativum,
462 2271 499 2312 ne
527 2252 604 2312 inter
625 2247 855 2335 Aegyptologos
884 2249 1004 2336 quidem
1026 2263 1151 2314 constat.
1198 2249 1259 2314 Sed

136 2396 199 2437 non
229 2395 307 2459 opus
331 2385 375 2436 est
398 2372 437 2436 ad
458 2377 643 2460 peregrinam
665 2395 785 2450 vocem,
816 2373 863 2436 vel
886 2373 925 2436 ad
946 2374 1092 2460 gentilem
1107 2374 1259 2460 mytholo-

136 2501 230 2584 giam,
255 2495 423 2584 confugere.
465 2497 624 2583 Equidem,
649 2510 684 2562 ut
706 2501 735 2560 in
759 2500 826 2582 ipso
847 2497 1024 2584 Fragmento
1048 2498 1145 2575 vides,
1171 2498 1258 2586 longe

137 2624 345 2710 simpliciorem
374 2644 495 2708 eamque
529 2623 616 2708 plane
649 2622 927 2707 homoeopathicam
956 2624 1124 2708 conquisivi
1140 2622 1257 2686 'nostro

136 2749 203 2812 loeo
226 2747 378 2814 medelam.
413 2746 572 2812 Peritiores
596 2747 701 2812 harum
724 2770 823 2812 rerum
841 2746 956 2832 judices
975 2747 1038 2833 jam
1061 2747 1176 2834 pridem
1198 2760 1258 2812 sta·

135 2885 261 2938 tuerunt
287 2873 472 2939 intervallum
501 2873 575 2937 illud
603 2877 679 2938 inter
707 2876 834 2960 primum
865 2885 895 2936 et
920 2872 1082 2938 secundum
1104 2873 1259 2940 hominum

136 3001 300 3086 genitorem
322 2999 411 3062 nullis
434 2999 575 3062 historiae
598 2997 796 3063 fundamentis
819 3001 883 3063 niti.
924 2997 1062 3064 Ostendit
1084 3002 1160 3064 enum
1182 3002 1259 3065 inter

137 3124 211 3188 alios
245 3123 390 3188 Henricus
425 3123 532 3188 Ewald
567 3119 760 3205 (Geschichte
796 3124 847 3188 des
875 3124 989 3188 Volkes
1022 3124 1111 3188 Israel
1145 3124 1206 3188 vol.
1235 3124 1257 3188 l.

135 3271 187 3335 pp.
207 3245 408 3330 308-327)
438 3249 542 3312 decem
569 3248 633 3312 illas
656 3249 702 3313 vel
731 3261 846 3335 septem
868 3248 1106 3314 Patriareharum
1129 3249 1259 3335 appella·

136 3377 250 3451 tiones,
276 3395 352 3460 quae
367 3373 514 3438 Adamum
530 3371 654 3438 Noaeho
679 3377 764 3460 quasi
780 3387 882 3438 catena
899 3385 1071 3449 annectunt,
1096 3396 1158 3437 non
1173 3395 1258 3439 veras

134 3521 279 3586 personas
303 3497 481 3585 significare,
513 3499 565 3563 sed
588 3498 766 3584 symbolicas
789 3500 1006 3585 proprietatum
1030 3495 1256 3582 designationes.

136 3623 355 3710 Comprobavit
370 3636 467 3688 autem
481 3623 625 3689 Ernestus
641 3623 790 3688 Bertheau
806 3617 1038 3703 (Jahreshericht
1053 3620 1104 3686 der
1115 3621 1257 3686 Deutsch.

135 3748 280 3835 morgonl.
305 3748 463 3814 Gesellsch.
491 3745 674 3832 1845-46.
698 3771 750 3835 pp.
767 3746 811 3812 40
828 3743 906 3836 sqq.)
935 3747 1158 3834 chronologiam
1181 3748 1259 3812 illam

136 3874 386 3960 qualemcunque,
412 3895 487 3960 quae
508 3873 580 3938 haec
602 3863 723 3938 nomina
746 3877 912 3950 comitatur,
937 3896 998 3938 non
1023 3895 1038 3936 e
1061 3895 1130 3938 vera
1152 3895 1186 3936 ac
1208 3893 1260 3936 ve·

135 4011 218 4062 tusta
247 3998 408 4063 traditione
437 4012 551 4064 erutam
580 4021 657 4076 esse,
689 3999 740 4064 scd
770 4012 905 4064 exactum
938 3995 1023 4064 1600
1046 4021 1085 4052 =
1108 3995 1152 4060 40
1170 4005 1198 4064 ><
1215 3994 1260 4060 40

136 4145 283 4188 annorum
306 4123 447 4188 solarium
470 4147 625 4190 usurarum
649 4124 829 4211 confingere,
861 4123 956 4210 qualis
979 4145 1041 4187 non
1064 4143 1164 4186 casum
1187 4133 1260 4184 tem·

135 4251 235 4334 poris,
266 4248 320 4313 sed
347 4247 523 4313 industriam
552 4250 753 4337 compilatoris
782 4249 922 4313 redoleat.
969 4247 1142 4310 Eximamus
1168 4247 1260 4332 igitur

136 4371 251 4438 Noachi
280 4396 403 4453 nomen,
434 4375 517 4461 quod
546 4374 641 4440 scriba
664 4373 730 4439 ideo
755 4374 824 4438 huic
847 4374 1008 4436 narrationi
1032 4369 1160 4448 infersit,
1190 4373 1261 4456 quia

1009 4489 1044 4543 71
