3160 5170
740 359 953 470 Q

287 581 422 656 acceptos
452 591 515 634 csse
542 590 641 656 posse.
687 568 768 656 Ergo
802 567 882 633 labes
910 569 1265 657 pseudo-Israelitarnm,
1303 591 1409 634 eorum

287 697 339 781 qui
360 697 478 759 nomine
501 716 562 758 non
585 716 617 758 re
640 690 741 798 mli
765 706 863 770 erant,
888 697 941 781 qui
963 717 1024 758 non
1042 696 1161 780 probos
1177 695 1230 758 sed
1241 717 1411 780 perversos

287 841 317 882 se
342 819 542 895 ostenderent,
568 821 620 905 qui
643 821 673 883 in
695 819 773 882 filios
791 819 845 882 Dei
869 819 1003 906 adoptati
1025 833 1177 907 paternam
1199 821 1279 884 Illius
1304 832 1411 884 aucto-

286 947 401 1010 ritatem
431 956 673 1031 aspernarentur,
709 943 782 1007 haee
810 946 930 1031 inquam
959 944 1040 1009 labes
1069 949 1099 1008 in
1129 967 1216 1010 causa
1245 956 1323 1021 erat,
1355 966 1411 1008 cur

286 1068 401 1133 Jehova
423 1091 509 1133 suum
533 1069 679 1157 populum
703 1072 844 1133 servitute
867 1069 990 1156 aliisque
1005 1073 1110 1156 poenis
1126 1073 1263 1134 immissis
1279 1068 1410 1133 subinde

287 1194 488 1281 castigandum
513 1197 667 1258 censuerit.
702 1192 805 1281 Neque
826 1194 900 1257 hacc
917 1195 1108 1281 reprehensio
1123 1207 1270 1282 repugnat
1283 1193 1410 1257 Bileami

287 1318 373 1383 effato
391 1319 485 1383 Deum
509 1319 618 1382 nnllam
642 1322 672 1382 in
695 1319 832 1384 Israelitis
855 1319 1053 1384 idololatriam
1077 1320 1199 1383 aliamve
1221 1321 1410 1404 imquitatem

288 1447 478 1531 conspexisse
502 1439 602 1525 (Num.
618 1443 730 1520 XXIII,
748 1440 814 1527 21).
859 1443 903 1508 lbi
932 1448 1008 1508 enirn
1038 1444 1073 1508 de
1096 1448 1173 1508 veris
1197 1442 1334 1506 Israelitis
1360 1444 1410 1506 vel

288 1569 323 1634 de
338 1569 468 1633 Ecclesia
482 1568 638 1633 Israelitica
660 1573 691 1632 in
713 1591 819 1657 genere
843 1591 938 1634 sermo
963 1581 1022 1646 est,
1045 1581 1182 1655 respectu
1198 1571 1284 1632 etiarn
1300 1567 1407 1632 habito

287 1693 326 1758 ad
342 1694 518 1781 relligiosam
535 1697 630 1781 gentis
648 1693 847 1759 conditionem
862 1707 1002 1782 regnante
1019 1692 1195 1770 Solomone,
1221 1693 1306 1778 cujus
1321 1696 1408 1780 regni
1458 1717 1461 1722 ·

286 1821 370 1883 initio
401 1819 497 1882 saltim
525 1819 625 1883 nullus
655 1832 717 1884 erat
746 1818 888 1884 salsorum
911 1819 1043 1884 Deorum
1067 1819 1173 1883 cultus.
1219 1817 1285 1882 Hoc
1308 1831 1409 1881 autem

288 1947 445 2019 canticum,
470 1965 598 2030 persona
613 1943 708 2008 lllosis
732 1958 898 2031 assumpta,
924 1945 961 2009 ad
983 1947 1169 2030 praeteritam
1192 1946 1289 2031 gentis
1309 1943 1410 2006 histo-

286 2070 360 2131 riam
389 2080 516 2154 spectat,
553 2081 581 2131 et
615 2067 741 2133 fortasse
769 2083 924 2134 venturam
953 2068 1119 2134 Jerobeami
1148 2069 1348 2132 idololatriam
1378 2081 1409 2131 et

287 2191 461 2257 seditionem
488 2196 645 2281 praesagit.
691 2191 752 2258 Nec
779 2195 876 2258 minus
906 2198 935 2258 in
966 2195 1021 2257 hac
1049 2217 1081 2259 re
1111 2215 1199 2281 quarn
1227 2197 1257 2258 in
1286 2196 1408 2256 nomine

286 2315 442 2381 Jestmoa
474 2319 583 2405 stylum
614 2340 681 2383 vere
711 2318 908 2383 lasharanum
939 2342 1078 2407 agnosco.
1124 2318 1215 2394 Nam,
1251 2331 1285 2382 ut
1314 2339 1408 2404 supra

287 2442 428 2519 vidimus,
459 2443 560 2530 lapsus
590 2444 636 2507 ille
658 2442 767 2508 Adami
792 2467 854 2508 non
877 2444 966 2509 modo
990 2448 1157 2508 universam
1181 2443 1309 2507 homiuis
1335 2465 1408 2507 con-

287 2565 427 2632 ditionem
450 2568 585 2645 exhibet,
611 2568 663 2632 sed
686 2572 772 2633 etiam
794 2568 868 2633 illud
882 2569 1066 2634 idololatriae
1082 2569 1245 2656 periculum
1262 2568 1406 2655 depingit,

286 2693 369 2779 qnod
384 2693 522 2758 Israelitis
545 2692 703 2757 identidem
727 2694 905 2758 imminebat.
942 2694 1016 2758 Tam
1039 2693 1130 2758 homo
1147 2697 1177 2758 in
1193 2715 1299 2781 genere
1316 2714 1407 2779 quam

284 2817 430 2883 Israelitae
460 2821 610 2904 speciatim
633 2824 709 2921 W}
735 2839 797 2884 esse
828 2818 1016 2895 desInebant‚
1047 2822 1164 2906 quoties
1189 2840 1205 2881 a
1228 2818 1344 2882 Jehova
1368 2816 1406 2881 ad

284 2941 502 3006 Baal-Peorem
518 2941 733 3019 desciscebant,
753 2942 784 3006 id
801 2943 883 3030 quod
899 2942 1034 3009 versibus
1052 2947 1103 3030 qui
1119 2955 1295 3030 sequuntur,
1319 2963 1406 3030 prae·

286 3070 400 3144 sertIm,
424 3079 459 3130 ut
480 3067 605 3143 videbis,
623 3089 719 3154 'versu
737 3066 776 3132 II
803 3068 976 3133 declaratur.

373 3191 406 3254 ln
426 3215 455 3254 v.
471 3190 502 3256 8.
526 3192 783 3257 Rosenmiillerum
807 3215 925 3280 sequor,
951 3197 1003 3281 qui
1025 3215 1086 3256 rem
1102 3197 1143 3256 ita
1159 3191 1301 3256 declarat:
1325 3193 1405 3278 »jam

285 3329 348 3380 turn
377 3316 496 3404 quando
520 3318 601 3382 Dens
625 3321 721 3382 varias
749 3318 925 3383 mortalibus
952 3331 1045 3383 terras
1069 3317 1248 3405 assignando
1271 3317 1404 3403 populos

285 3441 474 3519 discerneret,
505 3443 567 3528 jam
595 3457 659 3508 tum
688 3457 836 3509 certorum
864 3441 1047 3531 populorum
1075 3455 1169 3507 terras
1199 3463 1232 3505 ac
1261 3445 1404 3506 terminos

285 3566 456 3646 destInavit‚
488 3590 563 3655 quae
586 3568 703 3634 suturae
725 3570 922 3634 Israelitarum
944 3567 1126 3632 multitudini
1150 3566 1306 3654 capiendae
1329 3569 1403 3630 satis

284 3705 413 3757 essent«
459 3690 520 3757 Nec
541 3694 625 3758 aliter
646 3694 788 3772 Dathius,
815 3697 867 3781 qui
890 3707 987 3758 tamen
1010 3692 1048 3756 ad
1071 3714 1224 3757 numerum
1247 3693 1402 3755 nationum

285 3815 539 3882 Canaaniticarum
561 3840 622 3882 rem
645 3817 826 3884 referendam
850 3832 956 3883 censet.
997 3817 1154 3882 Maurerus
1178 3837 1280 3880 vocem
1302 3820 1402 3908 namu

283 3941 380 4006 reddit
402 3943 546 4026 tribuam
569 3957 604 4007 ut
619 3947 649 4008 in
664 3943 753 4008 Dent.
770 3941 912 4021 XXXIII,
931 3942 960 4019 3,
981 3940 1030 4008 19.
1067 3941 1128 4006 Sed
1143 3944 1199 4006 ista
1214 3943 1311 4005 versio
1329 3938 1402 4026 qnid

284 4066 340 4130 sibi
363 4068 433 4132 velit
455 4066 537 4132 haud
559 4069 700 4156 intelligo.

371 4192 498 4257 Dathius
534 4191 734 4258 difficultatem
769 4192 825 4257 sibi
859 4195 1040 4280 excogitavit
1073 4194 1104 4256 in
1136 4187 1227 4257 verbo
1257 4196 1402 4296 int-tigni

284 4341 311 4381 v.
333 4315 383 4381 10.
429 4317 647 4402 »Quomodo«,
677 4322 788 4406 inquit,
821 4317 935 4382 »dicere
963 4321 1064 4404 potuit
1085 4316 1201 4393 Moses,
1232 4315 1329 4379 Deum
1351 4315 1401 4379 ia-

282 4443 397 4506 venisse
429 4445 576 4531 populum
609 4447 640 4509 in
668 4444 799 4522 deserto,
836 4447 867 4507 in
896 4441 979 4531 quod
1007 4465 1074 4508 eum
1102 4446 1165 4528 ipse
1194 4439 1401 4506 deduxeratI«
