3172 5186
680 349 758 426 875

251 560 302 626 Ad
328 561 570 650 orthographiam
596 565 747 628 nominum
775 564 802 626 si
829 561 1021 647 spectaveris,
1052 558 1167 626 ridebis
1193 559 1271 626 illico

165 685 324 764 eremum,
355 707 430 774 qnae
451 690 482 752 in
505 689 602 774 priore
623 687 795 775 genealogia
816 683 1003 761 exhihentur,
1030 685 1185 772 corruptus
1208 707 1273 752 creo

164 815 317 878 nominum
350 814 381 878 in
414 812 506 877 altero
531 813 673 900 catalogo
708 811 884 876 traditorum
916 809 1035 874 formas.
1084 809 1164 874 llaec
1195 813 1277 878 enim

164 935 277 1004 facilem
301 935 412 1004 habent
432 937 623 1014 intellectum,
646 938 696 1004 illa
718 949 815 1002 antem
837 935 977 1024 explicari
999 947 1158 1023 nequeunt.
1197 934 1275 1002 Nam

165 1061 369 1128 siEwaldunc
391 1066 541 1150 sequimur
564 1060 760 1148 (1‚p.3lt)‚
786 1059 927 1142 Choook,
950 1060 1089 1126 ludorum
1114 1059 1275 1139 Gomorra,

164 1187 195 1252 h.
212 1209 237 1252 e.
260 1190 350 1252 muni
378 1191 520 1275 temporis
548 1189 699 1264 inventor,
728 1187 837 1275 genuit.
852 1185 1015 1268 Jeredemr,
1042 1184 1183 1250 ludorum
1210 1184 1273 1252 Vo-

164 1334 291 1396 nmcro,
320 1313 350 1378 h.
367 1335 392 1377 e.
420 1333 513 1401 aquae
541 1312 703 1400 praesidem
733 1324 763 1379 et
790 1313 987 1399 navigationis
1015 1293 1194 1397 repertorem
1222 1307 1271 1392 (cl.

163 1440 249 1542 ζ’]Ἶ),
266 1440 285 1500 i.
302 1459 326 1502 e.
334 1433 481 1527 fluoiual;
497 1436 594 1503 Jered
614 1449 710 1504 autem
733 1439 836 1526 gennit
850 1433 1093 1520 Maiotai-elem,
1114 1436 1145 1501 h.
1162 1457 1187 1501 e.
1202 1435 1273 1502 Doi-

162 1561 364 1649 splendorem,
389 1563 435 1628 rel
455 1562 662 1630 Prometheum
687 1560 847 1649 quendam,
879 1563 930 1650 qui
952 1563 1030 1648 ignis
1053 1583 1139 1627 usum
1162 1561 1273 1626 indica-

164 1689 220 1764 vit3
254 1686 358 1752 deinde
392 1685 592 1753 Mobolal-el
622 1690 725 1776 gennit
752 1684 1026 1770 Metushelocbnm,
1061 1686 1092 1750 h.
1116 1707 1141 1751 e.
1177 1689 1273 1752 virum

163 1811 273 1889 hastae,
291 1813 336 1878 vel
357 1813 479 1879 Martem
502 1813 637 1900 aliquem,
655 1815 706 1900 qui
729 1833 876 1876 armornm
899 1831 987 1876 usum
1009 1810 1124 1890 intulit;
1148 1810 1273 1900 deniqne

163 1935 386 2004 Metu-eheloob
406 1939 508 2026 gennit
522 1936 721 2022 Lmnecbnm,
744 1935 923 2003 Graecorum
937 1934 1109 2022 Λάμαχον,
1131 1935 1162 2002 h.
1178 1960 1203 2002 e.
1226 1959 1274 2003 ar·

164 2075 259 2127 matos
282 2063 415 2130 homiues
438 2075 467 2130 et
494 2053 713 2150 latrones,'qni
737 2065 766 2126 ri
788 2075 818 2128 et
839 2064 927 2128 muris
951 2064 1060 2128 rictum
1084 2062 1273 2151 quaerebant.

163 2187 264 2276 Atque
291 2189 370 2254 hunc
392 2188 557 2278 catalogum
587 2188 783 2275 septenarium
811 2209 848 2253 ex
877 2200 989 2276 septem
1012 2186 1150 2254 ludorum
1172 2188 1273 2274 traje-

159 2311 287 2401 pacione
307 2313 388 2378 haud
415 2317 476 2379 scin
503 2336 540 2378 an
564 2316 688 2380 mutuati
711 2315 770 2379 sint
790 2312 897 2404 Persae
921 2310 1129 2401 Chaldaeique.
1175 2312 1274 2397 Quum

165 2451 260 2506 tamen
283 2440 322 2505 ad
339 2438 549 2527 Babylonicum
566 2437 662 2504 decem
678 2441 809 2503 virorum
824 2437 1025 2526 genealogiam
1048 2440 1172 2504 hansirc
1187 2437 1275 2504 vellet

165 2564 261 2630 scriba
274 2563 424 2642 iudaicus,
448 2567 519 2630 satis
541 2563 711 2629 festinanter
733 2563 779 2628 ille
796 2562 913 2650 quidem
934 2576 964 2629 et
985 2565 1087 2629 inscite
1109 2585 1170 2630 rem
1190 2585 1274 2630 suam

165 2689 344 2778 profligarit.
370 2687 445 2754 Nam
468 2688 506 2757 ed
521 2701 665 2756 vetustam
679 2687 860 2754 ludaeorum
876 2689 1076 2777 genealogiam
1091 2687 1273 2778 confrigieus,

167 2826 196 2879 ct
217 2836 400 2902 synonymae
416 2815 573 2880 Ademtum
585 2814 805 2901 Bacchumque
826 2811 959 2880 bilariam
984 2812 1128 2892 dividens,
1147 2811 1275 2880 bethem

166 2939 213 3004 his
239 2943 431 3028 interposuit,
456 2953 543 3027 atque
565 2942 622 3018 ita,
646 2943 731 3028 quasi
753 2961 814 3004 uno
839 2939 1002 3004 litterarum
1025 2939 1116 3006 ductu
1139 2939 1185 3004 vel
1210 2961 1276 3006 mo·

166 3076 264 3132 mento
285 3065 421 3142 turbinis,
445 3086 483 3130 ex
506 3079 616 3154 septem
639 3063 808 3132 nominibus
830 3087 936 3130 novem
960 3063 1094 3130 confecit.
1130 3065 1277 3150 Quemad-

166 3189 286 3256 modum
297 3189 427 3256 Nooebo
440 3190 575 3256 ultimum
596 3194 628 3256 iu
650 3191 708 3256 hoc
723 3190 866 3278 catalogo,
882 3192 1009 3279 primum
1025 3203 1123 3258 autem
1145 3193 1175 3256 in
1190 3203 1276 3280 post·

167 3314 315 3380 diluvione
329 3315 500 3404 genealogia
515 3316 612 3381 locum
629 3317 831 3403 assignaverit,
848 3314 1000 3403 eidemque
1014 3315 1153 3382 Xisuthri
1174 3329 1274 3404 partes

166 3439 303 3506 tribuerit
316 3439 447 3506 iudaeus
470 3453 580 3517 noster,
599 3439 733 3528 equidem
756 3441 787 3503 iu
802 3442 906 3527 quinto
930 3435 1058 3507 excu‘rsu
1073 3438 1275 3509 demonstrare

167 3564 306 3631 conabor.
354 3564 468 3649 Quodsi
491 3569 621 3654 qnaeris,
646 3569 697 3655 qni
725 3563 834 3632 factum
856 3569 909 3644 sit,
933 3579 967 3632 nt
994 3564 1193 3632 abolescerent
1215 3581 1275 3634 uos

167 3690 209 3755 illi
221 3691 358 3756 Lamcohi
372 3691 433 3768 filii,
450 3705 479 3758 et
494 3713 613 3757 vacuam
636 3692 753 3757 illorum
776 3691 965 3758 hereditatem
979 3690 1119 3758 Noaehus
1136 3705 1273 3770 cerneret,

167 3820 428 3905 ingeniosissimum
456 3817 510 3884 tibi
539 3819 735 3904 conjecturam
762 3817 934 3904 impertiho,
965 3838 1053 3905 quam
1080 3839 1192 3883 mecum
1221 3837 1275 3904 per

168 3942 278 4007 litteras
301 3947 526 4008 communicavit
547 3943 733 4032 virquidam
756 3941 870 4020 doctus,
895 3964 981 4031 quem
1002 3964 1152 4030 nunquam
1177 3963 1274 4008 coram

27 4140 28 4149 q
168 4065 238 4145 vidi,
256 4070 307 4156 qui
330 4081 435 4146 maren,
460 4081 494 4134 ut
516 4068 626 4146 scribit,
650 4090 729 4134 meas
752 4071 783 4133 in
805 4069 863 4133 hoo
885 4068 963 4135 libro
984 4071 1112 4134 rationes
1134 4067 1275 4156 prolixis·

168 4196 242 4260 simo
265 4192 375 4272 lavore,
399 4207 428 4260 et
450 4207 528 4260 corta
549 4196 740 4282 persuasione
762 4197 883 4282 accepit.
913 4194 962 4259 lllc
984 4197 1083 4282 igitur,
1100 4214 1191 4281 quum
1213 4213 1275 4258 me·

169 4341 233 4385 cum
256 4322 287 4384 in
307 4319 462 4385 Lamacho
484 4319 623 4397 llsavum,
648 4323 699 4408 qni
713 4331 767 4384 ,est
788 4324 893 4399 Dl'lii,
916 4331 1065 4409 agnoscat,
1088 4319 1146 4384 boc
1168 4341 1275 4386 nomen

170 4465 235 4512 cum
250 4450 330 4518 ὒν
345 4443 427 4510 facile
442 4443 582 4510 confundi
595 4466 687 4533 posse
707 4447 862 4512 existimat.
890 4445 991 4536 ltaque
1006 4467 1098 4534 quum
1113 4443 1214 4512 Sbemi
1229 4446 1276 4512 vel
