3160 5170
631 345 844 460 *go—5*

350 555 390 621 Et
410 559 455 621 sio
477 576 529 622 eos
552 554 713 635 deleverit,
739 556 989 644 quemadmodum
1012 559 1103 624 hodie
1126 573 1251 626 eonstat.

168 695 278 744 neuen.
294 698 327 752 [o]
350 681 506 770 Vobisque
530 703 606 769 quae
622 682 724 748 feeerit
739 685 770 746 in
786 682 912 760 deserto,
937 683 1031 750 donee
1048 685 1087 752 ad
1102 685 1182 751 hune
1197 687 1295 752 locum

755 811 893 874 veniretis
909 801 940 891 ¹).

199 950 256 992 r-o.
295 949 327 1002 [τ]
352 930 437 998 Oculi
460 935 552 998 vestri
575 932 715 998 viderunt
738 938 836 999 omnia
858 935 965 999 eximia
987 931 1119 1000 Jehovee
1145 934 1230 1001 faeta.

296 1075 328 1128 [e]
352 1058 499 1142 Quocirca
521 1057 676 1124 observato
699 1063 839 1124 universa
860 1060 941 1124 illius
963 1058 1116 1137 mandate,

352 1183 434 1267 Quae
457 1206 512 1273 ego
536 1183 626 1249 hodie
647 1189 798 1273 praecipio
821 1183 918 1262 vobis,

352 1307 392 1374 Ut
418 1311 540 1395 possitis
569 1309 684 1398 ingredi
711 1325 740 1375 et
761 1310 916 1398 possidere
937 1323 1060 1388 terrem,
1092 1313 1177 1400 eujus
1201 1334 1289 1380 causa

755 1435 865 1501 flumen
887 1437 1038 1522 trejecturi
1060 1440 1140 1514 estis,

297 1576 329 1630 [e]
352 1559 471 1647 Diuque
493 1563 525 1624 in
547 1582 581 1624 ea
603 1563 724 1648 regione
746 1563 863 1639 vivatis,

352 1684 447 1768 Quam
470 1685 634 1771 majoribus
650 1689 757 1752 vestris
773 1706 936 1773 eorumque
950 1690 1079 1774 posteris
1092 1688 1291 1774 jurejurando

754 1814 893 1899 promisit
913 1811 1045 1891 dehova,

354 1936 476 2004 Terram
498 1937 572 2004 lacte
594 1950 625 2003 et
646 1937 730 2004 melle
752 1949 928 2002 manentem.

626 2185 840 2196 -—-——...——

467 2450 767 2524 FRAGMENTUM
794 2450 996 2523 TERTIUM.
1111 2558 1113 2562 ι

555 2619 733 2679 Obedirntiae
748 2619 906 2678 inculcatio.

169 2921 335 3029 ⁰⁸}*f‘ff'i11
354 2938 596 3030 Unumquodque
623 2953 813 3029 praeceptum
843 2940 926 3028 quod
952 2941 1007 3008 tibi
1029 2944 1178 3032 praecipio
1203 2942 1292 3008 hodie

758 3087 827 3131 cave
851 3065 950 3144 facias,

353 3188 393 3260 Ut
413 3193 537 3278 possitis
554 3194 676 3269 vivore,
702 3205 731 3257 et
753 3192 957 3279 multiplicari,

351 3317 391 3384 Et
407 3320 532 3408 ingressi
546 3317 725 3405 possidentis
740 3330 848 3382 terram
865 3339 953 3406 quam
967 3316 1083 3382 Jehova
1095 3319 1291 3404 jurejurando

754 3441 890 3529 patribus
914 3445 1020 3508 vestris
1042 3445 1189 3527 promisit.

298 3587 330 3641 [r]
352 3569 392 3636 Et
414 3589 527 3635 memor
549 3573 606 3634 eris
631 3571 727 3635 euneti
749 3570 872 3644 itineris,
1018 3650 1023 3662 ῃ

354 3695 422 3779 Quo
445 3707 474 3760 to
493 3695 608 3762 Jehova
623 3694 704 3760 Deus
726 3707 798 3761 tuus
821 3693 879 3758 hos
903 3690 1099 3780 quadraginta
1122 3714 1216 3758 annos
1239 3715 1293 3780 per

756 3819 905 3884 desertum
928 3817 1031 3896 duxit,

353 3944 393 4012 Ut
415 3959 444 4011 te
468 3945 663 4035 pertentando
688 3945 832 4036 affligeret
855 3957 885 4009 et
906 3957 991 4009 tuum
1015 3966 1067 4011 eor
1090 3947 1231 4032 aperiret,

247 4165 266 4234 ¹)
291 4164 448 4238 Compilator
462 4166 592 4221 Leviticus
613 4164 722 4238 aliquam
743 4164 772 4220 de
786 4165 893 4219 Detbeni
913 4172 938 4219 et
950 4165 1063 4220 Abirami
1082 4163 1207 4218 seditione
1221 4180 1291 4218 men-

170 4265 266 4317 tionem
286 4263 335 4316 hue
353 4263 463 4320 infersit.
495 4265 546 4319 Sed
566 4283 664 4319 carmen
684 4264 849 4338 archetypum
869 4264 983 4336 proferto
1003 4263 1066 4317 nihil
1080 4262 1292 4317 commemorabat

169 4367 270 4433 praeter
287 4362 377 4416 miram
395 4361 569 4418 israelitarum
592 4381 623 4418 ex
642 4363 759 4438 Aegypto
779 4362 867 4438 iugem
886 4371 911 4418 et
929 4365 1018 4418 miram
1037 4378 1125 4416 eorum
1144 4362 1170 4416 in
1189 4361 1290 4418 detorto

171 4462 399 4516 conservationem.
