3172 5186
764 348 978 460 Q

311 565 402 655 gladii
430 563 591 628 dissilirent
613 558 662 644 (cf.
683 561 743 626 Jes.
765 560 853 638 XXI,
876 555 927 642 5);
956 563 1055 646 itaque
1079 557 1164 625 Sauli
1194 558 1316 646 clypeus
1340 581 1435 646 quum

312 689 443 776 abjectus
474 701 564 763 esset,
594 709 671 764 non,
700 699 736 750 ut
757 697 838 763 ante,
869 685 957 749 solita
979 686 1118 748 unctione
1141 681 1310 748 curabatur.
1349 683 1435 750 Hane

312 816 486 879 sententiam
501 815 646 877 veriorem
656 811 771 897 judico,
787 789 855 875 nam
871 809 958 872 simili
973 807 1080 875 affectu
1094 806 1242 874 Homerus
1259 807 1294 872 de
1308 806 1434 872 Achillis

310 937 395 1026 galea
417 961 434 1002 a
455 936 585 1001 Patrocli
609 924 703 1023 capite
726 935 840 1021 dejecta
861 935 996 1021 loquitur
1018 927 1062 1016 (ll.
1078 931 1160 1010 XVl,
1178 931 1244 998 794
1260 927 1356 1020 sqq.):

421 1085 441 1172 ἢ
466 1086 502 1152 δὲ
523 1085 735 1170 κυλινδομένη
759 1080 905 1169 καναχην
928 1082 981 1164 ἔχε
1002 1087 1118 1148 ποσσὶν
1140 1080 1200 1167 ὑφ’
1223 1089 1332 1149 ἵππων

423 1190 567 1268 αὐλῶπις
589 1191 783 1278 τρυφάλεια·
807 1191 997 1276 μιάνθησαν
1021 1189 1057 1255 δὲ
1080 1187 1208 1274 ἔθειραι

424 1306 536 1385 αἵματι
557 1304 613 1364 καὶ
634 1303 772 1390 κονῑησι·
795 1297 898 1382 πάρος
920 1321 957 1377 ys
979 1301 1038 1382 μὲν
1061 1289 1101 1360 od
1123 1299 1221 1379 θέμις
1242 1292 1299 1382 ηἐν

424 1405 607 1492 ἶππόκομον
629 1405 756 1493 πήληκα
779 1407 971 1490 μιαίνεσθαι
993 1406 1143 1495 κονλησιν.

402 1558 539 1626 Ceterum
564 1557 736 1624 observabis
760 1557 884 1624 Saulem
909 1559 958 1622 hic
979 1570 1121 1645 tanquam
1143 1559 1243 1644 gravis
1266 1568 1433 1622 armaturae

310 1689 431 1753 militem
454 1685 554 1750 induci
578 1706 644 1748 cum
665 1684 768 1770 clypeo
785 1695 813 1748 et
828 1682 937 1770 gladic,
962 1682 1163 1748 Jonatbanum
1179 1694 1277 1746 eutem
1290 1695 1434 1770 tanquam

312 1815 514 1900 sagittarium
538 1810 569 1874 id
585 1808 668 1896 quod
683 1807 753 1872 alibi
770 1821 886 1873 constat
901 1804 951 1890 (cl.
970 1807 1081 1874 1Sam.
1092 1806 1186 1884 XVlI,
1201 1805 1253 1872 38.
1271 1805 1385 1885 XXXI,
1399 1805 1431 1872 4.

310 1936 385 2014 XX,
409 1933 481 2018 20).
524 1933 664 1999 Similiter
687 1933 768 2020 apud
789 1933 952 1998 Homerum
977 1936 1108 1997 invenies
1132 1935 1318 1997 consociatos
1340 1930 1434 1996 bella·

311 2075 391 2127 tores
414 2061 494 2124 hunc
518 2080 596 2135 arcu,
620 2058 703 2122 illum
724 2056 824 2146 gladio
848 2061 1034 2123 instructum.
1068 2057 1155 2122 Tales
1172 2055 1350 2145 erantAjax
1364 2079 1433 2124 cum

313 2187 440 2262 Teucro,
465 2184 575 2248 Hector
591 2205 656 2247 cum
672 2182 778 2248 Paride
802 2195 999 2271 comparatus,
1024 2196 1112 2270 atque
1135 2186 1177 2247 ita
1197 2195 1359 2270 utrumque
1375 2205 1433 2271 par

310 2310 409 2376 nobile
432 2309 557 2374 fratrum
580 2313 611 2374 in
633 2323 776 2396 tympano
792 2307 965 2396 Aeginetico
989 2321 1156 2398 pugnanoes
1173 2308 1364 2373 inducuntur.
1392 2307 1433 2374 Et

313 2433 346 2502 C.
373 2434 409 2502 0.
433 2435 594 2499 Muellerus
619 2436 728 2520 optime
744 2436 868 2498 'monuit
890 2427 941 2516 (ad
963 2432 1050 2528 Hind.
1073 2433 1175 2498 lsthm.
1191 2432 1229 2510 V,
1248 2430 1299 2510 33,
1324 2455 1342 2496 a
1361 2431 1432 2498 Dis·

311 2565 393 2626 senio
417 2555 568 2640 laudatus)
591 2558 745 2623 Herculem
769 2556 872 2646 ψιλοῦ
892 2569 992 2646 partes
1012 2561 1116 2646 egisse,
1142 2557 1332 2624 Telamonem
1346 2579 1430 2635 vero,

310 2697 486 2773 perpetuum
511 2685 574 2770 ejus
598 2687 748 2761 comitem,
774 2679 916 2748 ὁπλίτου.
947 2681 1095 2748 Acrebro
1117 2681 1186 2748 belli
1209 2695 1240 2747 et
1260 2685 1341 2771 pacis
1364 2705 1431 2748 cum

310 2811 478 2876 Philistaeis
503 2812 675 2874 commercio
699 2812 755 2874 iste
778 2808 859 2896 apud
878 2807 1030 2874 Hebraeos
1053 2829 1190 2896 proceres
1212 2810 1312 2895 gravis
1336 2829 1432 2872 arma·

309 2949 393 3000 turae
417 2956 490 2999 usus
506 2933 630 2999 Davidis
652 2933 848 3020 temporibus,
871 2946 1020 3020 utsupra
1043 2932 1254 3010 demonstravi,
1277 2932 1431 3020 paullatim

310 3059 514 3147 frequentatus
539 3071 592 3122 cst.
627 3058 671 3122 Dc
695 3057 866 3123 mulieribus
890 3061 1031 3123 victoriae
1054 3057 1158 3146 spoliis
1182 3059 1294 3122 ornatis
1318 3051 1430 3140 (eat)

311 3183 378 3250 vide
402 3206 477 3271 quae
501 3182 641 3247 adnotari
664 3182 701 3246 ad
716 3181 853 3248 Deborae
876 3187 1020 3249 canticum
1036 3206 1065 3247 v.
1083 3181 1134 3247 30.
1166 3182 1264 3270 Digna
1287 3195 1332 3246 cst
1354 3204 1431 3270 quac

311 3312 417 3374 citetur
439 3309 655 3414 elegantissima
676 3309 808 3374 Lowthii
834 3309 1024 3397 paraphrasis
1048 3307 1186 3372 versiculi
1209 3303 1251 3374 26
1275 3303 1324 3391 (de
1347 3329 1431 3374 sacra

309 3438 394 3524 poesi
417 3433 673 3522 Hebraeorump.
692 3431 786 3516 233):

494 3608 540 3665 Tu
554 3608 623 3664 mihi
637 3617 670 3664 tu
684 3616 795 3664 aeterno
810 3597 926 3678 flendus,
941 3607 1106 3678 Jonathane,
1123 3607 1217 3664 dolore

538 3715 655 3787 Occidis,
671 3716 735 3786 heu,
749 3716 850 3773 misero
866 3713 951 3772 frater
966 3715 1092 3791 adempte
1107 3713 1184 3772 mihi.

492 3823 555 3880 Heu
569 3825 667 3899 pietas,
683 3823 739 3879 heu
753 3841 815 3880 rara
829 3821 907 3892 fides,
927 3833 954 3880 et
969 3822 1060 3880 dulcia
1075 3822 1148 3880 sesso

535 3930 674 4005 Alloquia,
690 3930 745 3988 beu
761 3941 871 3990 sanctae
887 3929 985 3988 foedus
1000 3931 1144 3988 amicitiae.

493 4037 566 4102 Quae
581 4038 650 4094 mibi
665 4039 695 4094 in
710 4037 832 4096 adversis
847 4039 949 4096 tulerat
963 4055 1036 4094 nova
1051 4036 1152 4112 gaudia
1167 4037 1260 4108 rebus,

538 4145 642 4205 Gaudia
657 4145 810 4207 scemmeus
827 4163 896 4222 qrrae
913 4145 977 4204 dare
991 4146 1080 4203 nescit
1093 4163 1177 4203 amor.

397 4312 431 4376 ln
460 4313 741 4400 apophthegmatico
771 4316 912 4401 epimctro
936 4312 1066 4376 Derides
1089 4311 1125 4376 de
1147 4311 1270 4378 Abnero
1293 4311 1432 4400 indigna-

309 4434 430 4503 bundus
452 4436 603 4525 praedicat
624 4437 722 4517 illum,
745 4460 808 4504 non
830 4460 885 4504 sua
906 4441 1002 4527 ipsius
1025 4437 1160 4518 strdtitia,
1184 4437 1237 4504 sed
1259 4459 1353 4526 quum
1366 4459 1431 4504 ma·
