3164 5176
798 296 894 399 ‘aee

387 537 468 623 Quae
491 539 660 624 conjectura
682 559 737 602 »eo
761 558 792 601 se
816 537 1009 614 commendat,
1034 535 1118 624 quod
1138 538 1180 601 sic
1194 536 1313 624 singula
1327 557 1420 601 mern-

296 665 349 729 bra
373 664 475 728 eodem
495 661 642 728 ιοοιὼιιίο
666 663 816 740 finiantur,
841 675 929 749 atque
954 662 1049 727 dualis
1073 662 1216 750 singulari
1237 664 1269 725 iu
1285 665 1373 727 tertio
1391 673 1421 727 et

297 803 403 877 quarto
426 789 558 854 membro
582 802 759 877 apponatur,
783 791 871 853 utin
894 788 1025 852 secundo
1042 787 1221 854 factumest.
1250 787 1419 865 Praeterea,

297 937 331 981 ea
352 919 467 980 ratione
488 915 605 980 tollitur
620 913 787 991 difficultas,
812 935 887 1000 quae
911 936 928 977 a
951 916 1065 980 nemine
1080 927 1158 979 reete
1173 914 1320 1000 explicata
1335 912 1422 977 vide-

297 1053 356 1117 tur,
381 1063 468 1106 voces
491 1043 620 1127 primurn
642 1043 751 1143 mpt
773 1041 911 1117 nim,
939 1037 1044 1105 deiude
1067 1063 1138 1105 vero
1162 1044 1315 1142 ΕὛΠΏΡἾ
1340 1043 1421 1111 923

293 1167 383 1251 juxta
406 1189 436 1230 se
460 1188 522 1231 esse
545 1158 716 1252 positas¹).«
750 1163 811 1230 Sed
833 1167 950 1230 tametsi
972 1166 1049 1229 hauc
1070 1168 1215 1229 rationem
1231 1187 1331 1229 veram
1354 1185 1421 1228 esse

201 1311 208 1318 ·
298 1290 435 1368 arbitror,
459 1312 545 1356 nemo
568 1303 675 1367 tamen,
699 1304 735 1355 ut
757 1291 827 1355 mihi
844 1289 971 1368 videtur,
995 1290 1112 1377 plenam
1134 1290 1215 1354 dedit
1230 1291 1321 1376 hujus
1339 1311 1420 1354 com-

297 1418 383 1479 matis
406 1419 686 1502 interpretationem.
729 1414 839 1482 Omnes
867 1409 973 1498 cnim‘)
995 1418 1038 1480 ita
1061 1429 1218 1503 exponunt
1239 1415 1420 1479 versiculum

299 1539 474 1606 secundum:
497 1542 658 1628 apuellam‚
684 1546 773 1607 immo
798 1542 871 1606 duas
895 1515 1008 1628 puellas
1028 1543 1189 1628 unicuique
1206 1543 1297 1605 viro«
1324 1540 1420 1627 Equi-

299 1665 364 1730 dem
387 1689 447 1730 nou
470 1689 547 1754 nego
570 1667 633 1732 fieri
661 1689 751 1755 posse
774 1681 809 1732 ut
830 1669 948 1754 phrasis
972 1667 1020 1731 illa
1044 1671 1116 1774 'titi
1140 1662 1230 1738 tellit
1250 1665 1302 1729 tali
1327 1668 1421 1752 signi-

297 1791 434 1856 ficatione
456 1805 628 1879 usurpetur.
668 1791 743 1857 Nam
766 1767 902 1898 nly'tbp,
934 1795 1086 1857 »cranium
1095 1815 1120 1869 ,s
1148 1790 1187 1855 od
1209 1790 1344 1879 singulos
1368 1789 1420 1854 de·

299 1915 460 2004 signandos
489 1916 661 1995 adhibetur,
692 1931 722 1984 et
749 1941 811 1983 nou
840 1897 914 1982 adeo
945 1918 1094 1982 diversum
1118 1930 1164 1981 est
1190 1914 1264 1980 illud
1286 1919 1318 1980 iu
1340 1913 1419 1980 libro

298 2044 395 2128 primo
417 2040 665 2128 Paralipomenon
679 2042 749 2120 XII,
767 2041 824 2120 23,
849 2042 903 2108 ubi
925 2066 1066 2108 uumerus
1088 2042 1214 2106 militum
1237 2053 1420 2104 armatorum

300 2166 480 2254 designatur.
515 2165 577 2232 Sed
599 2170 624 2231 si
648 2167 768 2254 quaudo
792 2163 880 2241 vibit
903 2171 935 2232 iu
957 2189 1081 2233 numero
1105 2168 1248 2255 singulari
1269 2164 1419 2232 vocabulo

300 2294 392 2356 cuivis
416 2296 586 2379 apponitur,
611 2293 694 2380 quod
715 2295 850 2370 classem,
875 2292 1028 2371 familiam,
1053 2293 1100 2358 vel
1116 2292 1248 2358 ordinem
1264 2292 1418 2356 hominum

300 2417 430 2495 denotat,
454 2418 642 2507 intelligimus
666 2442 746 2498 eum,
772 2423 824 2507 qui
848 2419 961 2484 ordinis
983 2419 1062 2483 illius
1079 2421 1278 2506 principatum
1294 2414 1418 2482 obtinet.

214 2635 217 2642 .
298 2543 343 2607 lta
365 2535 469 2648 hince
492 2540 582 2614 lili&
609 2558 655 2608 est
683 2558 772 2631 caput
794 2547 856 2609 sive
878 2548 1016 2633 princeps
1039 2543 1181 2622 familiae3
1213 2539 1328 2632 cisat]
1351 2531 1419 2644 iil)

299 2669 346 2732 vel
369 2669 539 2756 simpliciter
563 2666 679 2760 tilithi]
702 2683 746 2734 est
772 2693 905 2735 summus
929 2671 1083 2735 sacerdos:
1112 2682 1142 2734 et
1164 2672 1281 2756 saepius
1305 2669 1420 2732 inveni-

299 2816 365 2858 mus
396 2795 516 2859 similem
546 2795 725 2860 lceutionem
754 2799 785 2860 in
813 2795 932 2861 militiae
962 2795 1087 2860 ducibus
1117 2793 1332 2870 describendis,
1366 2795 1420 2880 qui

299 2909 443 3012 ΠἾἾΞᾎῌ
466 2914 568 3010 ὛΨΝἺ
592 2921 785 3008 appellantur.
828 2922 945 3009 ltaque,
975 2925 1007 2986 in
1030 2922 1088 2986 boe
1111 2921 1193 2998 loco,
1224 2919 1304 2984 malla
1326 2921 1420 2984 iuter-

206 3013 213 3026 ’
299 3046 426 3130 pretatio
444 3065 550 3108 vocum
573 3050 645 3152 733
668 3041 756 3118 tillet
780 3047 896 3136 liuguae
919 3049 1014 3133 ipsius
1037 3045 1152 3134 legibus
1168 3044 1420 3110 accommodatior

280 3215 286 3228 ·
376 3253 394 3322 1)
417 3253 535 3320 Keminlr,
552 3252 633 3326 pet.
711 3329 716 3336 ἠ

375 3362 395 3424 ²)
420 3361 523 3417 Praeter
541 3363 735 3429 Kennicottum,
761 3366 805 3434 qui
828 3363 901 3434 plane
926 3362 1066 3418 mirabilem
1090 3362 1168 3433 hujus
1188 3360 1317 3417 clausulae
1339 3363 1420 3417 iuter-

300 3469 466 3538 pretationem
490 3471 644 3542 excogitavit
666 3470 799 3537 (Remarls
824 3488 858 3524 ou
883 3469 967 3525 Select
988 3471 1113 3543 Passages
1139 3469 1169 3523 cl
1189 3469 1232 3523 the
1256 3468 1305 3523 old
1325 3469 1420 3524 Testa-

300 3583 377 3642 ment,
396 3575 455 3630 ext.
469 3574 562 3647 1787):
581 3577 769 3650 »embroidery,
789 3577 883 3632 double
896 3577 1067 3650 embroidery,
1082 3575 1123 3630 lor
1134 3576 1178 3631 the
1191 3577 1310 3648 captaiu’s
1324 3575 1421 3631 head!-

300 3681 335 3735 Ut
348 3682 456 3748 videtur,
475 3701 520 3754 pro
540 3691 615 3761 nm
633 3685 752 3755 anticipat
766 3692 876 3782 ΠᾨΡἿ,
895 3703 927 3740 ex
939 3682 1067 3740 versiculo
1080 3683 1186 3738 ultimo:
1205 3685 1241 3738 ite
1253 3685 1320 3738 eninr
1332 3682 1421 3754 loqui-

300 3797 355 3843 tur:
373 3791 476 3844 ·There
495 3791 571 3863 being
589 3809 623 3845 no
643 3790 772 3866 authority
791 3792 832 3846 ior
844 3793 981 3866 rendering
998 3793 1042 3847 the
1053 3790 1141 3846 words
1160 3808 1180 3846 a
1198 3793 1307 3846 domari
1319 3807 1348 3844 or
1360 3794 1420 3846 troo

300 3899 432 3963 domaels,
451 3897 500 3950 aod
519 3897 561 3950 the
573 3898 661 3952 words
680 3900 706 3952 in
719 3899 829 3954 liebrew
844 3899 919 3973 being
932 3916 996 3972 very
1009 3897 1084 3954 much
1103 3897 1154 3954 like
1172 3905 1224 3952 two
1245 3898 1318 3952 other
1329 3897 1419 3952 words

300 4004 327 4056 iu
338 4004 388 4057 this
402 4020 470 4058 same
480 4022 561 4070 verse,
571 4005 656 4058 which
669 4006 740 4060 male
754 4006 877 4061 excellent
888 4025 962 4061 sense
978 4006 1045 4072 bere,
1059 4009 1079 4059 it
1094 4023 1175 4060 seems
1191 4004 1282 4077 highly
1295 4003 1420 4075 prohahle

300 4110 355 4164 that
373 4111 435 4184 they
452 4129 520 4167 were
535 4112 672 4186 originally
686 4113 729 4168 the
742 4132 831 4168 same·
859 4111 887 4168 st
903 4122 1020 4168 nostrum
1035 4130 1159 4184 woman,
1178 4111 1248 4184 quod
1262 4111 1293 4164 ah
1309 4112 1418 4182 antiquo

300 4220 420 4284 wistron
439 4219 499 4273 uolo
520 4221 669 4286 derivatum,
689 4221 718 4275 ab
739 4229 811 4275 utero
831 4219 871 4275 vel
889 4219 1007 4274 nwemb·
1027 4222 1150 4292 originem
1166 4219 1247 4285 duxit,
1266 4217 1329 4271 nihil
1346 4216 1420 4271 aliud

301 4333 341 4380 est
355 4326 415 4380 haec
430 4329 541 4382 nominis
557 4335 633 4407 nm
646 4327 819 4400 synecdoche:
834 4326 983 4397 etprofeetc
994 4327 1070 4400 louge
1085 4327 1214 4382 decentior
1224 4323 1333 4380 cethaeo
1343 4322 1421 4378 lemi-

301 4447 347 4486 nae
365 4432 515 4504 designatio,
535 4453 610 4506 quam
628 4443 658 4490 ut
675 4453 731 4490 eum
751 4434 850 4508 vulgari
869 4443 954 4529 supp)
972 4442 1144 4506 conparetur3
1162 4433 1223 4490 vido
1240 4447 1317 4504 supra
1335 4448 1360 4504 p.
1373 4427 1420 4486 53.
