3152 5160
801 355 875 430 1³8

278 569 426 632 bobmtlo
449 569 626 656 tranquille,
651 580 680 632 et
702 567 783 631 Deus
805 566 954 632 Adamum
977 571 1166 656 requiescere
1181 566 1264 656 fecit
1285 565 1400 664 (mill

278 697 309 756 in
337 690 452 769 Edene,
488 696 539 780 qui
573 693 680 758 hortus
716 693 837 756 similem
872 694 1093 780 tranquillitatis
1127 694 1224 760 sedem
1255 693 1401 783 siguificat

280 814 365 898 (Gen.
382 817 421 893 ll,
442 812 506 898 15).
552 816 666 880 Eodem
689 820 808 882 nomine
832 817 1003 906 designetur
1025 819 1166 904 templum
1189 819 1258 895 Dei,
1282 823 1312 884 in
1337 838 1399 907 quo

278 942 393 1006 debora
415 941 616 1029 tranquillam
639 941 736 1008 sedem
760 940 815 1006 sibi
836 941 944 1030 delegit
960 938 1022 1024 (Ps.
1041 941 1195 1020 dxxxii,
1214 943 1243 1020 8,
1264 941 1314 1008 14.
1337 944 1397 1009 les.

278 1067 388 1143 LXVI,
408 1062 449 1148 1).
485 1065 619 1154 Denique
644 1065 767 1131 Solomo
791 1070 870 1154 ipse,
895 1070 947 1154 qui
969 1087 1083 1132 summa
1097 1090 1168 1155 paee
1184 1068 1293 1146 fruens,
1318 1081 1400 1133 nan·

279 1192 416 1278 quillitati
444 1191 641 1256 Israelitarum
671 1195 756 1279 quasi
785 1192 1009 1258 fundamentum
1039 1197 1214 1280 supposuit,
1245 1205 1274 1258 et
1303 1216 1399 1258 arcam

278 1317 333 1381 Dei
355 1321 386 1382 in
408 1317 518 1404 templo
544 1317 690 1382 destinato
715 1318 884 1394 collocavit,
916 1330 1055 1394 vocatur,
1088 1331 1123 1382 ut
1146 1335 1237 1404 supra
1259 1318 1398 1397 vidimus,

278 1446 398 1548 tillidi?
427 1438 503 1536 illiti
532 1446 551 1507 i.
573 1464 598 1506 e.
628 1443 676 1506 eir
704 1436 958 1530 tranquillitatem
986 1465 1094 1507 mneos
1125 1455 1154 1508 et
1175 1446 1253 1530 paci
1280 1443 1401 1509 deditam

279 1562 309 1650 (1
323 1565 419 1631 Paral.
432 1565 530 1644 XXII,
548 1562 582 1648 9)
594 1560 623 1650 ¹).
652 1565 686 1632 Si
701 1570 793 1654 igitur
808 1589 856 1630 eas
872 1571 1066 1656 cogitationes
1081 1581 1301 1656 repraesentare
1312 1571 1401 1634 volu-

279 1715 353 1770 mus,
379 1713 453 1779 quee
476 1695 533 1779 piis
549 1693 685 1758 israelitis
707 1691 787 1757 ultro
805 1691 1048 1770 obversabantur,
1073 1697 1189 1782 quoties
1204 1693 1399 1760 Noaclranum

225 1825 234 1899 ζ
278 1839 386 1882 nomen
401 1816 640 1894 considerabant,
667 1817 789 1882 dubium
812 1839 873 1882 non
891 1831 936 1882 est
951 1837 1011 1905 quo
1029 1822 1141 1883 animos
1158 1832 1329 1906 mentesque
1344 1841 1401 1884 no·

279 1957 354 2009 stras
377 1943 528 2008 intendere
551 1941 718 2007 debeamus.
759 1943 917 2030 Inprimis
942 1943 1115 2030 spectabant
1137 1945 1175 2008 ad
1196 1957 1304 2010 terram
1327 1967 1401 2032 pro·

278 2073 383 2133 missae
399 2066 629 2154 tranquillitatis,
654 2073 684 2132 in
701 2089 804 2156 quarn,
827 2082 898 2156 post
914 2069 1109 2157 quadraginta
1125 2091 1218 2134 anuos
1235 2073 1265 2135 in
1282 2070 1398 2136 deserto

279 2192 454 2281 absumptos
477 2205 506 2256 et
529 2194 644 2257 saecula
667 2194 782 2281 aliquot
796 2197 827 2258 in
841 2194 1026 2282 Aegyptiace
1042 2199 1183 2259 servitute
1199 2216 1324 2273 emensa,
1350 2196 1401 2261 de·
1451 2259 1454 2265 .

279 2341 359 2384 mum
386 2331 593 2405 pervenerunt.
640 2318 701 2383 Sed
729 2318 770 2383 ibi
798 2323 949 2406 perpetuis
973 2319 1196 2407 tempestatibus
1215 2322 1400 2407 jactatuma

223 2510 225 2513 ,
278 2443 456 2520 Midianitis,
480 2438 664 2521 philistaeis,
689 2447 851 2531 ceterisque
875 2434 1028 2521 hostibus,
1053 2448 1183 2531 requiem
1206 2449 1324 2510 minime
1347 2444 1401 2510 ab·

279 2570 407 2634 solutam
423 2581 613 2634 consecutum
631 2582 676 2634 est
692 2568 784 2633 divini
800 2568 926 2633 foederis
943 2569 1120 2647 vehiculum,
1138 2571 1240 2648 donec,
1258 2584 1400 2659 regnante

280 2695 455 2771 Solomone,
484 2697 618 2781 principe
642 2695 692 2758 illo
716 2697 806 2781 pacis,
832 2715 898 2758 arca
922 2693 1029 2759 divinis
1052 2700 1216 2782 praeceptis
1239 2695 1346 2760 referta
1369 2701 1400 2760 in

278 2821 388 2906 templo
411 2819 569 2906 magnifico
592 2841 682 2914 super
698 2819 824 2897 Tsione,
850 2842 934 2884 sacro
952 2820 1007 2884 Dei
1030 2834 1144 2899 monte,
1170 2821 1269 2885 sedem
1291 2835 1400 2887 certam

279 2959 308 3012 et
335 2943 524 3031 tranquillam
552 2956 638 3009 uecta
667 2958 720 3008 est.
766 2944 849 3009 Hanc
877 2949 1052 3010 sententiam
1074 2950 1131 3033 piis
1155 2946 1292 3011 Israelitis
1315 2945 1400 3010 fami-

278 3072 378 3136 liarem
401 3069 492 3134 luisse
516 3051 678 3134 ostendunt
699 3073 868 3134 testimonia
891 3071 1051 3158 quaedam,
1080 3093 1156 3160 quae
1179 3074 1324 3136 neminem
1347 3071 1400 3135 ad-

279 3197 337 3260 huc
359 3198 552 3282 interpretum
575 3194 775 3259 adverterunt.
810 3195 959 3274 Primum,
984 3197 1057 3261 illud
1080 3196 1119 3261 ad
1137 3197 1214 3260 hanc
1229 3199 1399 3283 opinionem

278 3323 411 3408 respicit,
437 3320 520 3408 quod
542 3320 691 3384 annalium
714 3323 843 3406 scriptor
862 3317 892 3401 (1
910 3321 984 3409 Reg.
998 3320 1053 3398 Vl,
1074 3318 1105 3404 l)
1130 3322 1198 3386 data
1221 3344 1311 3407 opera
1327 3345 1400 3387 enu-

277 3459 372 3511 merat
386 3458 461 3533 quot
476 3447 545 3510 anni
560 3446 651 3532 elapsi
668 3458 765 3511 esseut
779 3459 851 3532 post
866 3450 978 3510 exitum
992 3446 1188 3512 israelitarum
1204 3466 1243 3511 ex
1257 3447 1398 3536 Aegypto

279 3594 370 3660 quum
394 3572 479 3635 aedes
495 3570 627 3636 lehovae
651 3571 797 3636 aedificari
820 3583 924 3659 coepta
948 3573 995 3635 sit.
1030 3569 1105 3636 Nam
1124 3586 1221 3638 totum
1237 3572 1312 3637 illud
1325 3586 1399 3638 tem·

277 3719 335 3785 pus
358 3695 396 3760 ad
420 3700 596 3761 errationem
612 3696 659 3760 vel
681 3697 814 3761 nondum
838 3696 1004 3762 absolutam
1021 3701 1153 3784 requiem
1168 3697 1276 3764 reterre
1292 3699 1397 3764 voluit.

278 3822 391 3887 Deinde
414 3842 496 3898 vero,
522 3843 614 3908 quum
632 3823 695 3908 jam
718 3820 880 3908 perlectum
903 3835 980 3887 esset
1002 3826 1116 3910 regium
1133 3824 1208 3889 illud
1222 3843 1255 3888 ac
1270 3823 1399 3911 relligio·

278 3969 343 4012 sum
368 3969 454 4034 opus,
480 3945 604 4012 Solomo
629 3951 805 4013 convocavit
827 3969 928 4012 omnes
951 3949 1147 4013 lsraelitarum
1170 3971 1306 4036 proceres
1329 3948 1400 4012 Hie-

278 4073 459 4160 rosolymam
490 4072 527 4136 ad
556 4071 787 4137 transferendam
818 4094 913 4137 arcam
942 4074 1014 4161 legis
1038 4077 1069 4137 in
1092 4074 1233 4173 templum
1256 4074 1397 4150 lehovae,

279 4198 383 4285 »quod
405 4197 514 4263 sactum
536 4210 581 4262 est
596 4201 627 4264 in
642 4196 717 4264 sesto
733 4202 841 4263 mensis
851 4199 1032 4285 placatorum
1046 4200 1220 4265 cedentem
1236 4200 1282 4264 vel
1296 4196 1399 4265 Erta-

354 4363 373 4433 ¹)
398 4364 448 4431 Qui
467 4364 533 4418 hune
552 4380 656 4444 versum
675 4383 732 4420 cum
746 4366 807 4422 Gen.
817 4365 851 4434 V,
864 4363 899 4422 29
918 4367 1113 4436 comparaverit,
1132 4365 1242 4422 eundem
1261 4365 1399 4437 utrobique

278 4461 376 4536 stylum
395 4461 575 4535 deprehendet.
