3166 5178
682 667 944 746 CAPITULUM
970 669 1029 746 Vl.

295 852 340 908 Ex
359 851 402 909 his
417 849 590 926 Fragmentis
612 849 748 920 collectis,
771 848 899 924 digestis,
921 860 1003 926 atqam
1025 850 1174 908 enucleatis
1192 849 1288 926 optimi
1306 845 1415 908 fruetus

675 975 725 1015 sua
745 933 842 1034 sponte
863 959 1034 1032 provenient.

385 1257 533 1345 Denique,
558 1270 593 1321 ut
610 1258 672 1343 jam
696 1257 836 1325 conclusa
858 1259 930 1322 mihi
954 1261 994 1323 sit
1009 1258 1081 1322 haec
1097 1259 1192 1322 omnis
1208 1261 1300 1335 ratio,
1325 1279 1416 1346 quae-

210 1387 211 1392 ’
295 1381 421 1446 rendum
444 1396 488 1447 est
511 1386 630 1470 quinam
653 1396 817 1469 proventus
841 1406 879 1448 ex
894 1382 952 1448 hoc
967 1382 1077 1448 laboris
1093 1382 1248 1476 dispendio
1264 1382 1414 1448 rediturus

297 1507 441 1572 videatur.
475 1507 636 1595 Equidem,
660 1520 697 1572 ut
710 1530 814 1572 verum
837 1506 938 1584 fatear,
962 1509 1036 1574 nihil
1058 1529 1185 1596 usquam
1209 1509 1352 1574 excelsius
1370 1511 1415 1572 in·

296 1645 417 1698 ventum
439 1635 476 1698 iri
498 1636 646 1710 existimo,
670 1633 744 1698 nihil
766 1635 887 1721 majoris
906 1637 1061 1710 momenti,
1086 1634 1160 1698 nihil
1179 1633 1307 1721 dignius,
1332 1631 1416 1720 quod

297 1781 398 1822 omnes
423 1757 583 1824 Christiani
613 1780 647 1822 ae
670 1757 818 1845 Theologi
847 1757 999 1824 facultates
1023 1771 1171 1836 exerceat,
1202 1780 1291 1846 quam
1313 1761 1355 1824 ita
1377 1757 1416 1822 ad

296 1884 415 1948 intimos
445 1881 552 1947 Sacrae
582 1880 753 1970 Scripturae
786 1905 919 1948 recessus
951 1882 1126 1949 descendere
1156 1886 1265 1948 conari.
1311 1881 1415 1970 Neque

298 2011 373 2072 enim
409 2007 492 2072 aliter
521 2005 608 2070 nobis
638 2029 705 2071 vere
734 2007 863 2072 revelata
892 2009 942 2073 fiet
972 2030 1060 2096 quam
1088 2029 1228 2073 vocamus
1257 2007 1415 2073 revelatam

296 2131 398 2199 Divini
412 2131 505 2196 Verbi
528 2131 780 2218 significationem.
815 2131 890 2196 Nam
914 2133 1066 2220 quomodo
1088 2137 1114 2197 is
1138 2133 1248 2198 nudam
1265 2136 1415 2198 veritatem

297 2254 355 2320 sibi
377 2255 526 2320 vindicare
553 2267 669 2342 potest,
701 2261 751 2344 qui
778 2280 834 2345 pro
864 2259 961 2324 solido
990 2280 1115 2346 corpore
1137 2261 1253 2322 inanem
1277 2260 1415 2322 vestitum

297 2380 503 2467 amplectitur?
527 2379 678 2469 quomodo
702 2384 727 2449 is
743 2405 841 2447 veram
866 2384 963 2448 animo
987 2406 1043 2448 suo
1068 2385 1311 2448 sustentationem
1327 2395 1416 2469 atque

297 2507 466 2573 alimentum
489 2509 623 2592 arripiet,
649 2510 701 2595 qui
723 2531 779 2595 pro
803 2511 870 2593 ipso
895 2509 1040 2595 legumine
1056 2507 1167 2572 aridam
1183 2520 1213 2572 et
1228 2520 1416 2595 quassantem

297 2631 433 2719 siliquam
454 2631 636 2696 comederit?
661 2630 841 2714 Quinetiam,
867 2655 958 2720 quum
974 2633 1127 2699 confirmet
1140 2632 1307 2720 Apostolus
1324 2628 1414 2719 (liph.

296 2755 352 2833 Vl,
372 2751 441 2837 17),
472 2755 596 2820 verbum
618 2756 674 2820 Dei
703 2778 766 2821 esse
796 2760 881 2844 quasi
904 2755 1035 2848 Spiritus
1058 2757 1159 2822 Divini
1187 2755 1333 2844 gladium,
1364 2756 1416 2843 qui

296 2879 361 2944 fieri
383 2892 497 2966 potest,
525 2893 561 2944 ut
584 2879 696 2946 Christi
717 2881 799 2946 miles
824 2881 862 2945 ad
885 2885 988 2946 incitas
1011 2881 1127 2970 redigat
1149 2881 1286 2947 eeclesiae
1308 2893 1338 2946 et
1359 2880 1416 2946 rel-

296 3004 414 3092 ligionis
444 3026 515 3068 suae
542 3005 658 3082 hostes,
689 3009 714 3069 si
736 3007 866 3094 gladium
890 3007 972 3071 illum
996 3029 1111 3094 semper
1134 3009 1219 3094 quasi
1241 3009 1348 3093 vagina
1371 3007 1416 3068 in-

297 3129 411 3194 clusum
446 3142 555 3217 gestet,
591 3133 617 3194 si
646 3152 712 3194 eum
742 3132 818 3196 nolit
847 3131 1043 3219 destringere,
1079 3144 1109 3196 et
1137 3130 1245 3196 infesto
1276 3152 1416 3196 mucrone

297 3253 483 3318 adversarios
506 3257 639 3319 cominus
663 3255 806 3343 aggredi?
834 3254 903 3320 Non
919 3254 1022 3320 abdito
1045 3278 1113 3320 ense
1132 3256 1258 3322 honoris
1278 3268 1308 3320 et
1328 3277 1416 3320 orna-

296 3383 387 3446 menti
410 3402 499 3444 causa
521 3382 648 3456 cinctus,
673 3379 727 3444 sed
750 3379 878 3461 σχέδιον
895 3376 1085 3446 αὕτόκωπον
1099 3383 1216 3463 νωμόν
1229 3377 1323 3463 βέλος
1336 3379 1415 3447 fidus

295 3504 386 3570 homo
410 3504 569 3570 infidelium
592 3506 791 3571 cavillationes
809 3505 973 3594 dissipabit.
1011 3504 1069 3588 Qui
1085 3519 1197 3583 autem,
1223 3508 1330 3592 vagina
1345 3526 1416 3569 con·

295 3642 409 3706 tantm,
443 3629 579 3695 laminam
608 3633 688 3696 intus
719 3631 867 3696 conditam
895 3652 1048 3718 nunquam
1078 3634 1223 3706 extraxit,
1258 3633 1284 3694 is
1312 3632 1415 3716 utique

295 3756 415 3840 ignorat
437 3753 596 3843 Spiritum,
629 3759 679 3843 qui
708 3756 851 3832 vivificat,
881 3757 1021 3822 Litteram
1049 3769 1162 3833 autern,
1192 3775 1268 3844 quae
1297 3752 1414 3830 occidit,

296 3880 395 3945 servili
416 3893 512 3946 mente
535 3880 730 3969 amplectitur.
765 3881 810 3946 At
830 3883 907 3945 enim
923 3903 994 3947 vero
1017 3880 1093 3946 duae
1107 3883 1297 3967 potissimum
1311 3878 1416 3944 sactio-

295 4027 347 4070 nes
371 4018 443 4070 sunt
465 4028 582 4084 eorum,
608 4009 660 4093 qui
684 4005 824 4070 destricto
841 4005 971 4093 Spiritus
995 4006 1094 4094 gladio
1115 4009 1160 4071 uti
1174 4005 1283 4070 nolunt
1301 4042 1336 4053 -
1355 4016 1416 4068 na-

296 4128 441 4195 ditionum
465 4131 726 4195 ecclesiasticarum
749 4129 896 4208 fautores,
922 4134 974 4218 qui
995 4131 1132 4198 doctores
1150 4129 1208 4194 sibi
1223 4133 1322 4195 nescio
1339 4151 1415 4218 qnos

296 4275 333 4317 ex
347 4257 505 4340 primitivis
519 4254 736 4321 Christianismi
751 4255 936 4342 temporibus
953 4257 1074 4343 eligunt,
1095 4254 1204 4343 quibus
1220 4255 1311 4320 aniles
1327 4276 1416 4342 quas·

295 4376 368 4444 libet
390 4378 504 4445 fabulas
528 4381 727 4469 garrientibus
750 4381 821 4447 solis
841 4403 904 4447 esse
921 4380 1185 4468 obtemperandum
1201 4381 1340 4458 clamant,
1364 4381 1416 4467 qui
