<?xml version="1.0" encoding="UTF-8"?>
<!DOCTYPE html PUBLIC "-//W3C//DTD XHTML 1.0 Transitional//EN"
    "http://www.w3.org/TR/xhtml1/DTD/xhtml1-transitional.dtd">
<html xmlns="http://www.w3.org/1999/xhtml" xml:lang="en" lang="en">
 <head>
  <title>
</title>
<meta http-equiv="Content-Type" content="text/html;charset=utf-8" />
  <meta name='ocr-system' content='tesseract 3.04.00' />
  <meta name='ocr-capabilities' content='ocr_page ocr_carea ocr_par ocr_line ocrx_word'/>
</head>
<body>
  <div class='ocr_page' id='page_1' title='image "./jasharfragmenta00donagoog_0170.png"; bbox 0 0 3152 5160; ppageno 0'>
   <div class='ocr_carea' id='block_1_1' title="bbox 452 1191 879 1298">
    <p class='ocr_par' dir='ltr' id='par_1_1' title="bbox 452 1191 879 1298">
     <span class='ocr_line' id='line_1_1' title="bbox 452 1191 879 1298; baseline 0.002 -4"><span class='ocrx_word' id='word_1_1' title='bbox 452 1191 606 1298; x_wconf 84' lang='lat' dir='ltr'><strong>PARS</strong></span> <span class='ocrx_word' id='word_1_2' title='bbox 645 1191 879 1296; x_wconf 83' lang='lat' dir='ltr'><strong>TERTIA.</strong></span> 
     </span>
    </p>
   </div>
   <div class='ocr_carea' id='block_1_2' title="bbox 103 1425 1225 1874">
    <p class='ocr_par' dir='ltr' id='par_1_2' title="bbox 103 1425 1225 1874">
     <span class='ocr_line' id='line_1_2' title="bbox 103 1425 1224 1518; baseline 0.002 -24"><span class='ocrx_word' id='word_1_3' title='bbox 103 1429 247 1517; x_wconf 82' lang='lat' dir='ltr'><strong>Aegypto</strong></span> <span class='ocrx_word' id='word_1_4' title='bbox 266 1429 358 1515; x_wconf 88' lang='lat' dir='ltr'><strong>elapsi</strong></span> <span class='ocrx_word' id='word_1_5' title='bbox 378 1425 467 1515; x_wconf 88' lang='lat' dir='ltr'><strong>probi</strong></span> <span class='ocrx_word' id='word_1_6' title='bbox 484 1427 630 1494; x_wconf 81' lang='lat' dir='ltr'><strong>israelitae</strong></span> <span class='ocrx_word' id='word_1_7' title='bbox 650 1441 722 1515; x_wconf 88' lang='lat' dir='ltr'><strong>post</strong></span> <span class='ocrx_word' id='word_1_8' title='bbox 738 1428 934 1518; x_wconf 81' lang='lat' dir='ltr'><strong>quadraginta</strong></span> <span class='ocrx_word' id='word_1_9' title='bbox 950 1452 1044 1496; x_wconf 92' lang='lat' dir='ltr'><strong>annos</strong></span> <span class='ocrx_word' id='word_1_10' title='bbox 1061 1432 1091 1494; x_wconf 91' lang='lat' dir='ltr'><strong>in</strong></span> <span class='ocrx_word' id='word_1_11' title='bbox 1109 1429 1224 1496; x_wconf 89' lang='lat' dir='ltr'><strong>deserto</strong></span> 
     </span>
     <span class='ocr_line' id='line_1_3' title="bbox 171 1553 1225 1640; baseline 0.002 -22"><span class='ocrx_word' id='word_1_12' title='bbox 171 1553 348 1640; x_wconf 82' lang='lat' dir='ltr'><strong>absumptos</strong></span> <span class='ocrx_word' id='word_1_13' title='bbox 372 1553 537 1640; x_wconf 89' lang='lat' dir='ltr'><strong>multasque</strong></span> <span class='ocrx_word' id='word_1_14' title='bbox 561 1553 631 1619; x_wconf 90' lang='lat' dir='ltr'><strong>alias</strong></span> <span class='ocrx_word' id='word_1_15' title='bbox 653 1553 824 1619; x_wconf 82' lang='lat' dir='ltr'><strong>fluctuantis</strong></span> <span class='ocrx_word' id='word_1_16' title='bbox 848 1554 985 1622; x_wconf 78' lang='lat' dir='ltr'><strong>fortunae</strong></span> <span class='ocrx_word' id='word_1_17' title='bbox 1007 1554 1225 1620; x_wconf 85' lang='lat' dir='ltr'><strong>vicissitudines</strong></span> 
     </span>
     <span class='ocr_line' id='line_1_4' title="bbox 170 1678 1224 1768; baseline 0.004 -25"><span class='ocrx_word' id='word_1_18' title='bbox 170 1682 203 1744; x_wconf 92' lang='lat' dir='ltr'><strong>in</strong></span> <span class='ocrx_word' id='word_1_19' title='bbox 233 1692 311 1744; x_wconf 87' lang='lat' dir='ltr'><strong>terra</strong></span> <span class='ocrx_word' id='word_1_20' title='bbox 339 1679 558 1766; x_wconf 81' lang='lat' dir='ltr'><strong>tranquillitatis</strong></span> <span class='ocrx_word' id='word_1_21' title='bbox 587 1678 643 1744; x_wconf 91' lang='lat' dir='ltr'><strong>sub</strong></span> <span class='ocrx_word' id='word_1_22' title='bbox 672 1679 793 1766; x_wconf 87' lang='lat' dir='ltr'><strong>paeifieo</strong></span> <span class='ocrx_word' id='word_1_23' title='bbox 817 1702 885 1768; x_wconf 83' lang='lat' dir='ltr'><strong>rege</strong></span> <span class='ocrx_word' id='word_1_24' title='bbox 909 1679 1071 1747; x_wconf 88' lang='lat' dir='ltr'><strong>Solomone</strong></span> <span class='ocrx_word' id='word_1_25' title='bbox 1092 1679 1224 1747; x_wconf 87' lang='lat' dir='ltr'><strong>lehovae</strong></span> 
     </span>
     <span class='ocr_line' id='line_1_5' title="bbox 170 1804 478 1874; baseline -0.013 -2"><span class='ocrx_word' id='word_1_26' title='bbox 170 1804 273 1874; x_wconf 87' lang='lat' dir='ltr'><strong>aedem</strong></span> <span class='ocrx_word' id='word_1_27' title='bbox 296 1817 478 1870; x_wconf 79' lang='lat' dir='ltr'><strong>consecrant.</strong></span> 
     </span>
    </p>
   </div>
   <div class='ocr_carea' id='block_1_3' title="bbox 154 2108 1154 2232">
    <p class='ocr_par' dir='ltr' id='par_1_3' title="bbox 154 2108 1154 2232">
     <span class='ocr_line' id='line_1_6' title="bbox 154 2108 1154 2232; baseline -0.002 -38"><span class='ocrx_word' id='word_1_28' title='bbox 154 2108 214 2230; x_wconf 56' lang='grc' dir='ltr'><strong>ὒῖζζ</strong></span> <span class='ocrx_word' id='word_1_29' title='bbox 222 2108 261 2232; x_wconf 55' lang='lat' dir='ltr'><strong>J&#39;Jj</strong></span> <span class='ocrx_word' id='word_1_30' title='bbox 286 2125 384 2211; x_wconf 80' lang='lat' dir='ltr'><strong>Quum</strong></span> <span class='ocrx_word' id='word_1_31' title='bbox 407 2138 472 2193; x_wconf 89' lang='lat' dir='ltr'><strong>tota</strong></span> <span class='ocrx_word' id='word_1_32' title='bbox 493 2139 573 2191; x_wconf 87' lang='lat' dir='ltr'><strong>terra</strong></span> <span class='ocrx_word' id='word_1_33' title='bbox 594 2128 742 2214; x_wconf 76' lang='lat' dir='ltr'><strong>nequitiae</strong></span> <span class='ocrx_word' id='word_1_34' title='bbox 767 2125 878 2192; x_wconf 90' lang='lat' dir='ltr'><strong>diluvio</strong></span> <span class='ocrx_word' id='word_1_35' title='bbox 904 2125 1012 2193; x_wconf 88' lang='lat' dir='ltr'><strong>obruta</strong></span> <span class='ocrx_word' id='word_1_36' title='bbox 1029 2128 1154 2215; x_wconf 87' lang='lat' dir='ltr'><strong>jaceret,</strong></span> 
     </span>
    </p>
   </div>
   <div class='ocr_carea' id='block_1_4' title="bbox 285 2250 1037 2340">
    <p class='ocr_par' dir='ltr' id='par_1_4' title="bbox 285 2250 1037 2340">
     <span class='ocr_line' id='line_1_7' title="bbox 285 2250 1037 2340; baseline 0.001 -24"><span class='ocrx_word' id='word_1_37' title='bbox 285 2253 373 2317; x_wconf 88' lang='lat' dir='ltr'><strong>Israel</strong></span> <span class='ocrx_word' id='word_1_38' title='bbox 397 2266 494 2318; x_wconf 89' lang='lat' dir='ltr'><strong>autern</strong></span> <span class='ocrx_word' id='word_1_39' title='bbox 517 2250 611 2340; x_wconf 87' lang='lat' dir='ltr'><strong>prebe</strong></span> <span class='ocrx_word' id='word_1_40' title='bbox 634 2273 667 2316; x_wconf 86' lang='lat' dir='ltr'><strong>at</strong></span> <span class='ocrx_word' id='word_1_41' title='bbox 690 2251 837 2340; x_wconf 83' lang='lat' dir='ltr'><strong>relligiosa</strong></span> <span class='ocrx_word' id='word_1_42' title='bbox 861 2250 1037 2330; x_wconf 87' lang='lat' dir='ltr'><strong>ambularet,</strong></span> 
     </span>
    </p>
   </div>
   <div class='ocr_carea' id='block_1_5' title="bbox 285 2376 1221 2590">
    <p class='ocr_par' dir='ltr' id='par_1_5' title="bbox 285 2376 1221 2590">
     <span class='ocr_line' id='line_1_8' title="bbox 285 2376 1221 2446; baseline -0.001 -1"><span class='ocrx_word' id='word_1_43' title='bbox 285 2377 421 2445; x_wconf 80' lang='lat' dir='ltr'><strong>Decrevit</strong></span> <span class='ocrx_word' id='word_1_44' title='bbox 443 2378 558 2444; x_wconf 89' lang='lat' dir='ltr'><strong>lehova</strong></span> <span class='ocrx_word' id='word_1_45' title='bbox 586 2390 621 2443; x_wconf 89' lang='lat' dir='ltr'><strong>ut</strong></span> <span class='ocrx_word' id='word_1_46' title='bbox 650 2399 665 2442; x_wconf 91' lang='lat' dir='ltr'><strong>e</strong></span> <span class='ocrx_word' id='word_1_47' title='bbox 688 2377 896 2442; x_wconf 87' lang='lat' dir='ltr'><strong>tumultuantis</strong></span> <span class='ocrx_word' id='word_1_48' title='bbox 919 2376 1059 2444; x_wconf 83' lang='lat' dir='ltr'><strong>Rahabae</strong></span> <span class='ocrx_word' id='word_1_49' title='bbox 1081 2377 1221 2446; x_wconf 85' lang='lat' dir='ltr'><strong>fluetibus</strong></span> 
     </span>
     <span class='ocr_line' id='line_1_9' title="bbox 635 2515 753 2590; baseline -0.008 -23"><span class='ocrx_word' id='word_1_50' title='bbox 635 2515 753 2590; x_wconf 91' lang='lat' dir='ltr'><strong>ereptus</strong></span> 
     </span>
    </p>
   </div>
   <div class='ocr_carea' id='block_1_6' title="bbox 282 2627 1221 2846">
    <p class='ocr_par' dir='ltr' id='par_1_6' title="bbox 282 2627 1221 2846">
     <span class='ocr_line' id='line_1_10' title="bbox 283 2627 1028 2718; baseline -0.005 -23"><span class='ocrx_word' id='word_1_51' title='bbox 283 2631 316 2695; x_wconf 90' lang='lat' dir='ltr'><strong>In</strong></span> <span class='ocrx_word' id='word_1_52' title='bbox 338 2643 445 2694; x_wconf 88' lang='lat' dir='ltr'><strong>terram</strong></span> <span class='ocrx_word' id='word_1_53' title='bbox 468 2628 688 2718; x_wconf 81' lang='lat' dir='ltr'><strong>tranquillitatis</strong></span> <span class='ocrx_word' id='word_1_54' title='bbox 713 2627 830 2693; x_wconf 85' lang='lat' dir='ltr'><strong>demum</strong></span> <span class='ocrx_word' id='word_1_55' title='bbox 852 2630 1028 2716; x_wconf 89' lang='lat' dir='ltr'><strong>perveniret.</strong></span> 
     </span>
     <span class='ocr_line' id='line_1_11' title="bbox 282 2741 1221 2846; baseline 0 -24"><span class='ocrx_word' id='word_1_56' title='bbox 282 2756 361 2822; x_wconf 86' lang='lat' dir='ltr'><strong>Area</strong></span> <span class='ocrx_word' id='word_1_57' title='bbox 387 2759 478 2846; x_wconf 83' lang='lat' dir='ltr'><strong>igitur</strong></span> <span class='ocrx_word' id='word_1_58' title='bbox 500 2755 632 2822; x_wconf 87' lang='lat' dir='ltr'><strong>lehovae</strong></span> <span class='ocrx_word' id='word_1_59' title='bbox 654 2755 745 2842; x_wconf 87' lang='lat' dir='ltr'><strong>jussu</strong></span> <span class='ocrx_word' id='word_1_60' title='bbox 768 2767 937 2820; x_wconf 83' lang='lat' dir='ltr'><strong>constructa</strong></span> <span class='ocrx_word' id='word_1_61' title='bbox 960 2741 1019 2832; x_wconf 87' lang='lat' dir='ltr'><strong>est,</strong></span> <span class='ocrx_word' id='word_1_62' title='bbox 1048 2741 1108 2844; x_wconf 88' lang='lat' dir='ltr'><strong>qua</strong></span> <span class='ocrx_word' id='word_1_63' title='bbox 1131 2777 1221 2844; x_wconf 86' lang='lat' dir='ltr'><strong>super</strong></span> 
     </span>
    </p>
   </div>
   <div class='ocr_carea' id='block_1_7' title="bbox 632 2879 1219 2970">
    <p class='ocr_par' dir='ltr' id='par_1_7' title="bbox 632 2879 1219 2970">
     <span class='ocr_line' id='line_1_12' title="bbox 632 2879 1219 2970; baseline 0 -24"><span class='ocrx_word' id='word_1_64' title='bbox 632 2879 741 2947; x_wconf 88' lang='lat' dir='ltr'><strong>fluetus</strong></span> <span class='ocrx_word' id='word_1_65' title='bbox 755 2894 886 2947; x_wconf 79' lang='lat' dir='ltr'><strong>terrenae</strong></span> <span class='ocrx_word' id='word_1_66' title='bbox 898 2883 1046 2970; x_wconf 89' lang='lat' dir='ltr'><strong>nequitiae</strong></span> <span class='ocrx_word' id='word_1_67' title='bbox 1057 2884 1219 2970; x_wconf 84' lang='lat' dir='ltr'><strong>navigaret.</strong></span> 
     </span>
    </p>
   </div>
   <div class='ocr_carea' id='block_1_8' title="bbox 145 2988 1220 3111">
    <p class='ocr_par' dir='ltr' id='par_1_8' title="bbox 145 2988 1220 3111">
     <span class='ocr_line' id='line_1_13' title="bbox 145 2988 1220 3111; baseline 0.06 -79"><span class='ocrx_word' id='word_1_68' title='bbox 145 2988 259 3111; x_wconf 42' lang='lat' dir='ltr'><strong>⁶⁰33le</strong></span> <span class='ocrx_word' id='word_1_69' title='bbox 282 3008 370 3073; x_wconf 75' lang='lat' dir='ltr'><strong>lsrael</strong></span> <span class='ocrx_word' id='word_1_70' title='bbox 393 3019 491 3073; x_wconf 84' lang='lat' dir='ltr'><strong>autem</strong></span> <span class='ocrx_word' id='word_1_71' title='bbox 509 3029 618 3074; x_wconf 86' lang='lat' dir='ltr'><strong>annum</strong></span> <span class='ocrx_word' id='word_1_72' title='bbox 637 3007 743 3095; x_wconf 77' lang='lat' dir='ltr'><strong>agebat</strong></span> <span class='ocrx_word' id='word_1_73' title='bbox 759 3009 1004 3072; x_wconf 82' lang='lat' dir='ltr'><strong>sexcentesimum</strong></span> <span class='ocrx_word' id='word_1_74' title='bbox 1018 3000 1049 3090; x_wconf 74' lang='lat'><strong>¹),</strong></span> <span class='ocrx_word' id='word_1_75' title='bbox 1074 3029 1166 3095; x_wconf 68' lang='lat' dir='ltr'><strong>quum</strong></span> <span class='ocrx_word' id='word_1_76' title='bbox 1188 3011 1220 3074; x_wconf 60' lang='lat'><strong>5¹¹</strong></span> 
     </span>
    </p>
   </div>
   <div class='ocr_carea' id='block_1_9' title="bbox 209 3135 1219 3347">
    <p class='ocr_par' dir='ltr' id='par_1_9' title="bbox 209 3135 1219 3347">
     <span class='ocr_line' id='line_1_14' title="bbox 633 3135 979 3222; baseline -0.009 -22"><span class='ocrx_word' id='word_1_77' title='bbox 633 3154 728 3200; x_wconf 88' lang='lat' dir='ltr'><strong>aream</strong></span> <span class='ocrx_word' id='word_1_78' title='bbox 751 3135 902 3222; x_wconf 81' lang='lat' dir='ltr'><strong>ingressus</strong></span> <span class='ocrx_word' id='word_1_79' title='bbox 926 3145 979 3198; x_wconf 88' lang='lat' dir='ltr'><strong>est.</strong></span> 
     </span>
     <span class='ocr_line' id='line_1_15' title="bbox 209 3237 1219 3347; baseline 0.01 -30"><span class='ocrx_word' id='word_1_80' title='bbox 209 3271 258 3335; x_wconf 57' lang='grc' dir='ltr'><strong>[ις]</strong></span> <span class='ocrx_word' id='word_1_81' title='bbox 280 3259 338 3325; x_wconf 91' lang='lat' dir='ltr'><strong>Per</strong></span> <span class='ocrx_word' id='word_1_82' title='bbox 367 3259 529 3337; x_wconf 87' lang='lat' dir='ltr'><strong>desertum,</strong></span> <span class='ocrx_word' id='word_1_83' title='bbox 559 3271 699 3347; x_wconf 89' lang='lat' dir='ltr'><strong>tanquam</strong></span> <span class='ocrx_word' id='word_1_84' title='bbox 728 3281 781 3347; x_wconf 89' lang='lat' dir='ltr'><strong>per</strong></span> <span class='ocrx_word' id='word_1_85' title='bbox 803 3261 892 3322; x_wconf 88' lang='lat' dir='ltr'><strong>maris</strong></span> <span class='ocrx_word' id='word_1_86' title='bbox 915 3279 1060 3346; x_wconf 88' lang='lat' dir='ltr'><strong>aequora,</strong></span> <span class='ocrx_word' id='word_1_87' title='bbox 1092 3237 1219 3347; x_wconf 80' lang='lat' dir='ltr'><strong>quadra-</strong></span> 
     </span>
    </p>
   </div>
   <div class='ocr_carea' id='block_1_10' title="bbox 631 3381 1026 3474">
    <p class='ocr_par' dir='ltr' id='par_1_10' title="bbox 631 3381 1026 3474">
     <span class='ocr_line' id='line_1_16' title="bbox 631 3381 1026 3474; baseline -0.005 -26"><span class='ocrx_word' id='word_1_88' title='bbox 631 3388 713 3474; x_wconf 86' lang='lat' dir='ltr'><strong>ginta</strong></span> <span class='ocrx_word' id='word_1_89' title='bbox 736 3406 830 3452; x_wconf 89' lang='lat' dir='ltr'><strong>annos</strong></span> <span class='ocrx_word' id='word_1_90' title='bbox 853 3381 1026 3473; x_wconf 84' lang='lat' dir='ltr'><strong>vagabatur.</strong></span> 
     </span>
    </p>
   </div>
   <div class='ocr_carea' id='block_1_11' title="bbox 130 3490 1096 3614">
    <p class='ocr_par' dir='ltr' id='par_1_11' title="bbox 130 3490 1096 3614">
     <span class='ocr_line' id='line_1_17' title="bbox 130 3490 1096 3614; baseline 0.022 -51"><span class='ocrx_word' id='word_1_91' title='bbox 130 3490 258 3614; x_wconf 41' lang='lat' dir='ltr'>Gavffij</span> <span class='ocrx_word' id='word_1_92' title='bbox 282 3509 381 3594; x_wconf 76' lang='lat' dir='ltr'><strong>Quum</strong></span> <span class='ocrx_word' id='word_1_93' title='bbox 404 3523 501 3576; x_wconf 90' lang='lat' dir='ltr'><strong>autem</strong></span> <span class='ocrx_word' id='word_1_94' title='bbox 524 3513 709 3576; x_wconf 87' lang='lat' dir='ltr'><strong>transiissent</strong></span> <span class='ocrx_word' id='word_1_95' title='bbox 731 3510 773 3575; x_wconf 94' lang='lat' dir='ltr'><strong>illi</strong></span> <span class='ocrx_word' id='word_1_96' title='bbox 795 3507 991 3599; x_wconf 81' lang='lat' dir='ltr'><strong>quadraginta</strong></span> <span class='ocrx_word' id='word_1_97' title='bbox 1013 3510 1096 3584; x_wconf 71' lang='lat' dir='ltr'><strong>anni,</strong></span> 
     </span>
    </p>
   </div>
   <div class='ocr_carea' id='block_1_12' title="bbox 224 3631 1218 3845">
    <p class='ocr_par' dir='ltr' id='par_1_12' title="bbox 224 3631 1218 3845">
     <span class='ocr_line' id='line_1_18' title="bbox 224 3631 1218 3723; baseline -0.004 -19"><span class='ocrx_word' id='word_1_98' title='bbox 224 3647 257 3711; x_wconf 72' lang='grc' dir='ltr'><strong>[τ]</strong></span> <span class='ocrx_word' id='word_1_99' title='bbox 279 3637 368 3702; x_wconf 89' lang='lat' dir='ltr'><strong>Israel</strong></span> <span class='ocrx_word' id='word_1_100' title='bbox 391 3636 501 3703; x_wconf 88' lang='lat' dir='ltr'><strong>dimisit</strong></span> <span class='ocrx_word' id='word_1_101' title='bbox 518 3659 641 3704; x_wconf 88' lang='lat' dir='ltr'><strong>corvum</strong></span> <span class='ocrx_word' id='word_1_102' title='bbox 654 3631 686 3718; x_wconf 82' lang='lat'><strong>¹),</strong></span> <span class='ocrx_word' id='word_1_103' title='bbox 712 3632 759 3718; x_wconf 88' lang='lat' dir='ltr'><strong>[ut</strong></span> <span class='ocrx_word' id='word_1_104' title='bbox 781 3633 880 3701; x_wconf 88' lang='lat' dir='ltr'><strong>sedern</strong></span> <span class='ocrx_word' id='word_1_105' title='bbox 902 3633 1090 3723; x_wconf 88' lang='lat' dir='ltr'><strong>tranquillam</strong></span> <span class='ocrx_word' id='word_1_106' title='bbox 1112 3633 1218 3722; x_wconf 87' lang='lat' dir='ltr'><strong>explo-</strong></span> 
     </span>
     <span class='ocr_line' id='line_1_19' title="bbox 629 3757 737 3845; baseline -0.019 -19"><span class='ocrx_word' id='word_1_107' title='bbox 629 3757 737 3845; x_wconf 83' lang='lat' dir='ltr'><strong>raret];</strong></span> 
     </span>
    </p>
   </div>
   <div class='ocr_carea' id='block_1_13' title="bbox 90 3987 1226 4393">
    <p class='ocr_par' dir='ltr' id='par_1_13' title="bbox 90 3987 1226 4279">
     <span class='ocr_line' id='line_1_20' title="bbox 174 3987 1214 4062; baseline -0.002 -16"><span class='ocrx_word' id='word_1_108' title='bbox 174 3993 193 4060; x_wconf 88' lang='lat'><strong>¹)</strong></span> <span class='ocrx_word' id='word_1_109' title='bbox 216 3991 319 4046; x_wconf 77' lang='lat' dir='ltr'><strong>Exactis</strong></span> <span class='ocrx_word' id='word_1_110' title='bbox 338 3991 451 4046; x_wconf 84' lang='lat' dir='ltr'><strong>numeris</strong></span> <span class='ocrx_word' id='word_1_111' title='bbox 470 3988 522 4046; x_wconf 86' lang='lat'><strong>215</strong></span> <span class='ocrx_word' id='word_1_112' title='bbox 542 3992 600 4045; x_wconf 87' lang='lat' dir='ltr'><strong>anni</strong></span> <span class='ocrx_word' id='word_1_113' title='bbox 619 3998 798 4062; x_wconf 76' lang='lat' dir='ltr'><strong>conputantur</strong></span> <span class='ocrx_word' id='word_1_114' title='bbox 817 4005 830 4042; x_wconf 86' lang='lat' dir='ltr'><strong>a</strong></span> <span class='ocrx_word' id='word_1_115' title='bbox 849 3989 997 4061; x_wconf 82' lang='lat' dir='ltr'><strong>patriarchis</strong></span> <span class='ocrx_word' id='word_1_116' title='bbox 1017 3988 1048 4044; x_wconf 81' lang='lat' dir='ltr'><strong>ad</strong></span> <span class='ocrx_word' id='word_1_117' title='bbox 1063 3987 1214 4061; x_wconf 71' lang='lat' dir='ltr'><strong>insanitum,</strong></span> 
     </span>
     <span class='ocr_line' id='line_1_21' title="bbox 90 4095 1226 4171; baseline -0.001 -16"><span class='ocrx_word' id='word_1_118' title='bbox 90 4098 149 4156; x_wconf 89' lang='lat' dir='ltr'><strong>t30</strong></span> <span class='ocrx_word' id='word_1_119' title='bbox 167 4107 252 4154; x_wconf 86' lang='lat' dir='ltr'><strong>autern</strong></span> <span class='ocrx_word' id='word_1_120' title='bbox 270 4117 285 4152; x_wconf 82' lang='lat' dir='ltr'><strong>a</strong></span> <span class='ocrx_word' id='word_1_121' title='bbox 302 4098 418 4169; x_wconf 80' lang='lat' dir='ltr'><strong>losepho</strong></span> <span class='ocrx_word' id='word_1_122' title='bbox 438 4098 469 4152; x_wconf 85' lang='lat' dir='ltr'><strong>ad</strong></span> <span class='ocrx_word' id='word_1_123' title='bbox 482 4097 615 4164; x_wconf 84' lang='lat' dir='ltr'><strong>Exodurn,</strong></span> <span class='ocrx_word' id='word_1_124' title='bbox 635 4097 704 4170; x_wconf 86' lang='lat' dir='ltr'><strong>quad</strong></span> <span class='ocrx_word' id='word_1_125' title='bbox 723 4114 789 4171; x_wconf 82' lang='lat' dir='ltr'><strong>vage</strong></span> <span class='ocrx_word' id='word_1_126' title='bbox 808 4113 915 4152; x_wconf 85' lang='lat' dir='ltr'><strong>numere</strong></span> <span class='ocrx_word' id='word_1_127' title='bbox 934 4095 988 4152; x_wconf 88' lang='grc'><strong>600</strong></span> <span class='ocrx_word' id='word_1_128' title='bbox 1006 4112 1086 4152; x_wconf 84' lang='lat' dir='ltr'><strong>annos</strong></span> <span class='ocrx_word' id='word_1_129' title='bbox 1106 4095 1226 4168; x_wconf 62' lang='lat' dir='ltr'><strong>conplet,</strong></span> 
     </span>
     <span class='ocr_line' id='line_1_22' title="bbox 91 4202 657 4279; baseline -0.004 -18"><span class='ocrx_word' id='word_1_130' title='bbox 91 4207 166 4275; x_wconf 88' lang='lat' dir='ltr'><strong>(vide</strong></span> <span class='ocrx_word' id='word_1_131' title='bbox 183 4207 290 4262; x_wconf 83' lang='lat' dir='ltr'><strong>Bunsen</strong></span> <span class='ocrx_word' id='word_1_132' title='bbox 307 4206 441 4279; x_wconf 77' lang='lat' dir='ltr'><strong>Aegypten</strong></span> <span class='ocrx_word' id='word_1_133' title='bbox 460 4206 484 4272; x_wconf 92' lang='lat' dir='ltr'><strong>l,</strong></span> <span class='ocrx_word' id='word_1_134' title='bbox 503 4224 528 4278; x_wconf 82' lang='lat' dir='ltr'><strong>p.</strong></span> <span class='ocrx_word' id='word_1_135' title='bbox 540 4202 606 4272; x_wconf 79' lang='lat' dir='ltr'><strong>att,</strong></span> <span class='ocrx_word' id='word_1_136' title='bbox 620 4203 657 4275; x_wconf 83' lang='lat'><strong>⁵).</strong></span> 
     </span>
    </p>

    <p class='ocr_par' dir='ltr' id='par_1_14' title="bbox 170 4300 1212 4393">
     <span class='ocr_line' id='line_1_23' title="bbox 170 4300 1212 4393; baseline -0.002 -25"><span class='ocrx_word' id='word_1_137' title='bbox 170 4314 191 4383; x_wconf 85' lang='lat'><strong>¹)</strong></span> <span class='ocrx_word' id='word_1_138' title='bbox 215 4313 318 4369; x_wconf 78' lang='lat' dir='ltr'><strong>(torvus</strong></span> <span class='ocrx_word' id='word_1_139' title='bbox 331 4300 419 4393; x_wconf 51' lang='lat' dir='ltr'><strong>(affy)</strong></span> <span class='ocrx_word' id='word_1_140' title='bbox 439 4315 493 4368; x_wconf 84' lang='lat' dir='ltr'><strong>sive</strong></span> <span class='ocrx_word' id='word_1_141' title='bbox 512 4317 577 4369; x_wconf 75' lang='lat' dir='ltr'><strong>aler</strong></span> <span class='ocrx_word' id='word_1_142' title='bbox 595 4315 701 4369; x_wconf 84' lang='lat' dir='ltr'><strong>nuntius</strong></span> <span class='ocrx_word' id='word_1_143' title='bbox 717 4313 822 4369; x_wconf 85' lang='lat' dir='ltr'><strong>denotat</strong></span> <span class='ocrx_word' id='word_1_144' title='bbox 833 4314 941 4385; x_wconf 78' lang='lat' dir='ltr'><strong>ignavos</strong></span> <span class='ocrx_word' id='word_1_145' title='bbox 954 4309 1014 4365; x_wconf 88' lang='lat' dir='ltr'><strong>illes</strong></span> <span class='ocrx_word' id='word_1_146' title='bbox 1028 4309 1212 4382; x_wconf 83' lang='lat' dir='ltr'><strong>exploratores,</strong></span> 
     </span>
    </p>
   </div>
   <div class='ocr_carea' id='block_1_14' title="bbox 91 4420 1213 4599">
    <p class='ocr_par' dir='ltr' id='par_1_15' title="bbox 91 4420 1213 4599">
     <span class='ocr_line' id='line_1_24' title="bbox 92 4420 1213 4498; baseline -0.001 -21"><span class='ocrx_word' id='word_1_147' title='bbox 92 4424 139 4494; x_wconf 92' lang='lat' dir='ltr'><strong>qui</strong></span> <span class='ocrx_word' id='word_1_148' title='bbox 158 4421 322 4476; x_wconf 81' lang='lat' dir='ltr'><strong>deterrebant</strong></span> <span class='ocrx_word' id='word_1_149' title='bbox 339 4420 469 4476; x_wconf 79' lang='lat' dir='ltr'><strong>Israelitas</strong></span> <span class='ocrx_word' id='word_1_150' title='bbox 488 4423 626 4494; x_wconf 85' lang='lat' dir='ltr'><strong>queminus</strong></span> <span class='ocrx_word' id='word_1_151' title='bbox 645 4422 796 4494; x_wconf 79' lang='lat' dir='ltr'><strong>promissam</strong></span> <span class='ocrx_word' id='word_1_152' title='bbox 816 4429 908 4476; x_wconf 79' lang='lat' dir='ltr'><strong>terram</strong></span> <span class='ocrx_word' id='word_1_153' title='bbox 927 4420 1008 4498; x_wconf 81' lang='lat' dir='ltr'><strong>primo</strong></span> <span class='ocrx_word' id='word_1_154' title='bbox 1027 4420 1124 4496; x_wconf 84' lang='lat' dir='ltr'><strong>impetu</strong></span> <span class='ocrx_word' id='word_1_155' title='bbox 1141 4421 1213 4476; x_wconf 81' lang='lat' dir='ltr'><strong>inva-</strong></span> 
     </span>
     <span class='ocr_line' id='line_1_25' title="bbox 91 4527 480 4599; baseline -0.005 -15"><span class='ocrx_word' id='word_1_156' title='bbox 91 4529 183 4586; x_wconf 86' lang='lat' dir='ltr'><strong>derent</strong></span> <span class='ocrx_word' id='word_1_157' title='bbox 201 4527 288 4599; x_wconf 85' lang='lat' dir='ltr'><strong>(Num.</strong></span> <span class='ocrx_word' id='word_1_158' title='bbox 301 4527 382 4595; x_wconf 84' lang='lat' dir='ltr'><strong>Xlll,</strong></span> <span class='ocrx_word' id='word_1_159' title='bbox 396 4528 480 4598; x_wconf 86' lang='lat' dir='ltr'><strong>XIV).</strong></span> 
     </span>
    </p>
   </div>
   <div class='ocr_carea' id='block_1_15' title="bbox 0 0 1588 5160">
    <p class='ocr_par' dir='ltr' id='par_1_16' title="bbox 0 0 1588 5160">
     <span class='ocr_line' id='line_1_26' title="bbox 0 0 1588 5160; baseline 0 0"><span class='ocrx_word' id='word_1_160' title='bbox 0 0 1588 5160; x_wconf 95' lang='lat' dir='ltr'><strong> </strong></span> 
     </span>
    </p>
   </div>
  </div>
 </body>
</html>
