3152 5160
758 337 970 450 „HL

234 527 237 532 ¹
305 567 389 620 scant
410 549 587 635 (Dbdcrlein
603 547 767 616 Commeat.
786 547 821 612 dc
843 545 947 612 vocab.
966 543 1145 632 τηλύγετος.
1174 545 1294 636 llrlang.
1315 542 1424 627 1825).

304 679 358 745 His
373 681 526 767 perpensis
537 675 779 742 verisimillimum
795 685 840 738 est
852 673 944 738 lsaaci
959 685 1068 738 nornen
1077 676 1242 760 respexisse
1254 672 1293 736 ad
1305 672 1426 737 effusam

304 805 384 869 ibam
405 805 558 878 laetitiam,
584 823 643 889 qua
665 811 802 887 parentes
824 797 918 862 filium
940 801 972 864 in
995 811 1111 863 senecta
1126 800 1258 886 genitum
1273 800 1428 885 cchpiuut

465 926 588 1010 μοῦνον
610 921 782 1011 τηλύγετον
804 920 972 990 πολλοῖσιν
995 919 1049 987 ort
1070 921 1260 998 amdeecbev,

306 1074 395 1140 quam
418 1064 515 1116 autem
537 1050 727 1116 Abrahamus
757 1046 914 1136 splendido
937 1047 1092 1136 epularum
1115 1061 1261 1135 apparatu
1284 1041 1427 1153 (Vlffm

307 1176 380 1242 Gen.
396 1176 483 1254 XXI,
501 1171 540 1258 8)
565 1172 767 1241 celebrandam
791 1175 914 1238 censuit

396 1300 495 1385 Quum
518 1322 589 1366 vero
613 1298 802 1365 Abrahamns
834 1311 865 1363 et
887 1295 983 1364 Sarah
1005 1297 1083 1362 illius
1107 1289 1204 1404 Plllss
1228 1318 1331 1362 omnes
1354 1319 1428 1364 suos
1471 1287 1473 1294 ’

305 1428 464 1515 participes
486 1425 549 1490 fieri
568 1425 689 1503 vellent,
714 1427 814 1489 mirari
838 1421 954 1500 subest,
978 1422 1132 1488 Ismaelum
1156 1443 1194 1489 ex
1215 1426 1312 1510 patria
1336 1422 1427 1488 domo

307 1552 465 1639 expulsum
498 1573 577 1628 esse,
614 1551 770 1615 dumtaxat
797 1561 957 1637 propterea
985 1547 1068 1636 quod
1096 1546 1194 1613 Sarah
1222 1569 1289 1613 cum
1316 1553 1427 1654 prim

306 1679 510 1763 conspexisset
533 1670 619 1758 (Gen.
635 1674 722 1753 XXI,
740 1670 784 1757 9).
830 1674 1008 1761 Praecipuas
1033 1671 1068 1738 de
1091 1673 1147 1737 bac
1170 1695 1243 1737 voce
1266 1677 1428 1739 sententias

306 1804 473 1866 summatim
503 1803 686 1864 enumeravit
709 1798 745 1865 G.
766 1798 804 1863 A.
829 1797 1037 1864 Schumannus
1062 1793 1120 1880 (ad
1142 1798 1161 1862 l.
1184 1793 1293 1880 Gen.):
1329 1798 1428 1883 »Quia

306 1947 367 1991 non
390 1923 523 1989 additum
547 1936 604 2001 cst,
631 1946 718 2012 mem
731 1924 834 1988 Ismael
857 1922 986 1988 ludibrio
1009 1922 1161 2001 habuerit,
1185 1926 1268 1988 varia
1284 1922 1428 1990 subaudi·

306 2062 414 2115 verunt
441 2053 625 2135 interpretes.
671 2047 733 2114 Alii
763 2047 958 2135 conjiciebant
979 2048 1133 2112 Ismaclum
1156 2050 1208 2135 jus
1236 2053 1428 2139 primogeniti

300 2176 462 2260 jactantem
484 2175 611 2237 irrisisse
633 2173 781 2252 Isaaeum3
805 2172 869 2252 alii,
891 2172 1047 2238 Ismaelum
1063 2177 1158 2239 omnis
1178 2177 1294 2262 generis
1309 2176 1427 2262 injuriis

306 2298 435 2363 affecisse
462 2298 614 2362 Isaacum«
646 2293 696 2381 (id
724 2320 763 2362 ex
784 2297 910 2362 Paulino
940 2295 1052 2363 idiotes
1076 2298 1140 2364 Gal.
1160 2298 1211 2377 IV,
1235 2297 1278 2366 29
1307 2299 1428 2367 deducit

304 2418 540 2507 Rosenmiiller);
565 2423 634 2490 »alii
651 2423 804 2489 Ismaelum
828 2423 875 2488 vel
891 2422 995 2488 Seram
1018 2424 1119 2489 rolin
1142 2427 1280 2489 convivio
1299 2425 1427 2496 ablacta-

304 2551 395 2614 tionis
430 2561 565 2637 parentes
600 2562 630 2614 et
663 2553 804 2615 convivas
838 2549 1020 2637 gratulantes
1051 2551 1218 2615 cavillatum
1249 2571 1329 2628 esse,
1367 2551 1424 2628 alii,

303 2675 458 2740 lsmaelum
480 2673 665 2740 idololatriae
688 2674 857 2739 studiosum
879 2673 971 2739 fuisse
993 2687 1023 2739 et
1045 2674 1217 2740 hereditatis
1240 2695 1329 2740 causa
1347 2676 1427 2740 Isaa-

306 2822 372 2864 cum
396 2797 588 2863 occidendum
611 2820 760 2864 curasse«
797 2799 864 2864 Huc
886 2799 998 2865 accedit
1018 2801 1106 2887 plane
1129 2800 1289 2888 singularis
1309 2799 1426 2866 Gesemi

306 2926 407 3011 opinio
425 2917 584 3005 (Thesaur.
610 2945 633 2988 s.
651 2949 679 2990 v.
704 2920 813 3030 ΡΠξ),
838 2929 890 3013 qui
910 2929 1021 3032 pris-tn
1046 2925 1240 3010 occultantes,
1264 2925 1428 2993 saltantem

304 3047 417 3125 reddit,
449 3059 478 3110 et
508 3046 622 3134 adjicit:
654 3053 854 3116 »convivium
875 3053 951 3116 enim
978 3063 1063 3140 pater
1091 3053 1274 3129 instituerat,
1303 3055 1335 3116 in
1364 3073 1425 3140 quo

185 3243 188 3248 .
304 3172 414 3238 liliolus
437 3172 573 3238 saltando
596 3196 705 3240 novam
727 3179 853 3264 gratiam
874 3175 970 3244 inibat
992 3189 1116 3264 apatrc.
1153 3174 1220 3259 Qua
1235 3199 1267 3242 re
1282 3197 1428 3242 novercae

305 3299 418 3364 invidia
445 3311 475 3364 et
501 3299 651 3387 zelotypia
673 3303 715 3366 ita
737 3305 912 3366 resuscitata
935 3313 993 3380 est,
1024 3313 1059 3366 ut
1080 3304 1166 3390 pueri
1188 3305 1350 3390 matrisque
1373 3325 1428 3366 ex-

303 3425 471 3512 pulsionem
494 3447 511 3489 a
526 3428 632 3490 marito
650 3425 827 3516 flagitaret«,
852 3440 881 3492 et
895 3430 937 3492 rei
953 3427 1179 3492 illustrationem
1194 3430 1270 3514 petit
1284 3449 1302 3490 a
1315 3426 1425 3492 Mattb.

302 3550 384 3628 XIV,
402 3547 432 3615 6.
478 3551 562 3616 Hanc
591 3555 764 3616 senteutiam
793 3551 918 3617 adscivit
946 3554 1135 3639 nuperrimns
1160 3550 1307 3617 Geneseos
1334 3555 1426 3617 inter-

302 3697 372 3762 pres
400 3674 558 3763 Augustus
581 3674 714 3754 Knobel,
745 3679 796 3764 qui
825 3688 971 3765 provocat
1000 3675 1038 3742 ad
1059 3675 1117 3742 Ex.
1139 3675 1269 3754 XXXII,
1291 3673 1322 3742 6.
1353 3676 1425 3742 Jud.

302 3799 390 3877 XVI,
407 3797 460 3865 25.
484 3799 505 3864 2
522 3799 602 3866 Sam.
614 3801 670 3880 vl,
688 3800 718 3880 5,
744 3815 773 3867 et
794 3815 884 3890 negat
905 3803 995 3868 ullam
1018 3805 1164 3868 irrisionis
1181 3801 1426 3891 significationem

302 3924 394 3992 radici
416 3930 498 4032 pm}
522 3927 654 3992 subesse.
689 3927 733 3992 At
754 3947 826 3991 vero
849 3930 881 3992 in
903 3925 999 3994 forma
1013 3927 1143 3994 Pihelica
1166 3931 1224 3992 ista
1245 3927 1333 3994 radix
1351 3947 1428 4015 qua·

301 4052 476 4140 lemcunque
498 4052 621 4118 ludendi
640 4053 767 4118 abusum
783 4064 812 4118 et
827 4074 980 4119 excessum
996 4054 1157 4142 significat,
1181 4066 1217 4119 ut
1231 4054 1330 4118 lusum
1345 4075 1427 4118 arna-

301 4182 413 4244 toriurn
438 4173 530 4261 (Gen.
551 4177 669 4256 XXVI,
693 4177 723 4243 8.
752 4177 900 4256 XXXIII,
926 4175 1064 4262 14,17)
1095 4191 1124 4244 et
1147 4183 1306 4245 vanitatem
1334 4179 1424 4258 illius,

303 4308 355 4390 qui
376 4327 431 4392 per
451 4306 633 4391 jocationem
655 4303 806 4369 mendacia
828 4303 944 4392 profert
966 4299 1058 4387 (Gen.
1081 4303 1171 4382 XIX,
1195 4300 1266 4387 14).
1313 4303 1425 4389 Quidni

301 4430 394 4517 igitur
421 4430 480 4494 boo
507 4424 574 4495 loco
604 4430 735 4516 ejusdem
764 4429 875 4501 sorrnae
902 4433 1091 4519 participium
1121 4430 1243 4498 denotet
1269 4429 1426 4496 Ismaelum
