3160 5170
660 336 739 407 ‘tut

133 546 256 632 gosem
280 548 489 610 senseramus
511 543 680 611 marmana
702 545 818 612 uenae
841 529 919 612 ilius
943 551 1138 614 institutoris
1158 549 1264 618 sarsu-

133 671 220 734 tionti
242 683 274 736 et
296 668 402 736 infanti
425 669 537 736 mundo
559 669 719 736 traderent

226 793 289 860 Sed
311 795 453 882 objecerit
474 795 599 862 fortasse
622 799 800 864 nostratium
821 797 938 886 abonis,
964 797 1059 886 quid?
1081 821 1180 866 nonne
1196 823 1263 868 arca

134 917 251 984 Noachi
279 932 372 1008 typus
395 934 446 1006 ,est
472 922 551 986 illius
580 922 741 1000 Ecclesiae,
773 925 861 1011 qnam
885 921 1025 988 Christus
1052 925 1200 1006 condidit,
1231 931 1262 992 iu

133 1065 194 1132 qna
224 1058 304 1110 certa
333 1046 414 1110 salns
440 1060 498 1124 est,
530 1061 614 1113 extra
637 1071 726 1135 pram
748 1049 830 1113 nulla
852 1049 933 1114 salus
956 1051 1124 1136 reperitur?
1155 1049 1261 1118 Nonne

134 1193 255 1249 omnes,
286 1175 338 1260 qui
367 1171 515 1258 baptismo
544 1174 614 1238 huie
637 1175 773 1242 ecclesiae
802 1178 975 1240 inseruntur
996 1176 1074 1240 illico
1097 1180 1261 1264 regenerati

134 1309 220 1376 sunt3
246 1299 300 1383 qui
320 1309 420 1362 anum
441 1302 619 1386 regenerati,
643 1299 731 1364 iidem
753 1299 848 1364 salvi?
878 1299 934 1365 Cui
957 1299 1168 1388 respondeam:
1191 1323 1261 1366 vora

134 1435 206 1485 sunt
227 1425 295 1500 ista,
318 1435 355 1486 nt
377 1421 464 1486 dieis:
489 1423 625 1490 sednon
648 1427 716 1501 isto,
743 1447 802 1512 qno
820 1433 855 1490 tn
870 1447 933 1490 rere
949 1425 1050 1490 modo.
1086 1424 1161 1490 Nam
1177 1425 1260 1490 haud

134 1549 196 1612 scio
219 1568 259 1610 an
281 1569 378 1634 neque
393 1545 537 1613 Ecclesia
557 1570 654 1636 neque
677 1550 868 1635 regeneratio
892 1571 988 1637 nequa
1010 1550 1095 1616 solco
1112 1550 1146 1615 id
1161 1554 1259 1636 ipsum

133 1671 287 1758 significet,
312 1672 396 1758 qnod
418 1684 454 1736 tu
475 1673 623 1761 intelligis.
658 1669 802 1739 Ecclesia
818 1673 930 1739 Christi
945 1675 1070 1740 visibilis
1095 1688 1140 1742 est
1155 1688 1257 1740 coetus

132 1795 280 1874 fidelium,
310 1799 330 1860 i.
351 1819 375 1860 o.
401 1819 503 1862 eorum
527 1801 579 1886 qni
601 1811 746 1884 putantur
768 1799 868 1863 fideles
892 1821 966 1866 esse.
1002 1799 1063 1865 Sed
1086 1814 1260 1866 erraverunt

132 1933 214 1986 totae
236 1921 393 1998 Ecclesiae,
422 1935 452 1988 et
475 1923 599 2009 quilibet
621 1899 711 1988 hoino
734 1923 881 1990 Ecclesiae
905 1925 1071 2012 adscriptus
1096 1948 1114 1990 a
1135 1928 1258 1990 veritate

132 2045 201 2110 fidei
225 2045 386 2111 desciscere
408 2060 526 2134 potest,
549 2048 596 2112 vel
618 2048 721 2126 fidem,
753 2071 841 2136 quam
864 2050 1032 2136 profitetur,
1056 2054 1174 2137 impura
1196 2053 1258 2115 vita

132 2173 298 2258 inquinare.
333 2171 414 2259 Ergo
430 2172 559 2237 Ecclesia
582 2186 627 2238 est
650 2177 735 2260 quasi
757 2189 820 2238 rete
844 2174 994 2261 quoddam
1019 2175 1102 2262 quod
1121 2188 1181 2240 tans
1195 2197 1258 2240 ma·

132 2297 177 2360 los
202 2319 291 2383 quam
313 2296 411 2360 bonos
434 2301 529 2384 pisces
554 2321 569 2362 e
591 2297 732 2363 fluctibus
757 2299 794 2362 ad
816 2311 923 2363 temam
946 2303 1096 2387 importet.
1133 2300 1255 2376 Deinde,

132 2425 187 2486 etsi
210 2425 236 2486 is
261 2425 313 2508 qui
336 2444 390 2508 per
411 2421 591 2508 baptismum
606 2423 752 2488 Ecclesiae
776 2423 947 2488 inscribitur
968 2418 1167 2508 regeneratam
1189 2427 1255 2511 ipso

131 2546 210 2614 facto
242 2559 272 2611 et
292 2557 419 2612 remmus
442 2560 500 2625 est,
531 2571 594 2614 non
621 2561 719 2612 tamen
746 2547 855 2611 idcirco
880 2548 977 2612 vitalis
1001 2559 1055 2612 est.
1096 2546 1171 2612 Nam
1195 2552 1257 2613 vita

132 2671 204 2737 hacc
226 2685 331 2737 nostra
353 2673 494 2737 naturalis
518 2672 557 2737 ad
579 2672 740 2760 spiritalem
762 2673 840 2736 illam
863 2675 895 2736 in
919 2672 1046 2760 quadam
1071 2695 1102 2736 sc
1120 2673 1256 2760 analogia

132 2781 185 2863 sen
201 2801 399 2886 proportione
417 2797 547 2862 exhibet.
575 2797 689 2864 Ambae
707 2796 855 2862 nascendo
875 2801 1023 2864 oriuntur.
1052 2796 1165 2862 Natalis
1181 2799 1256 2862 hora

132 2926 211 2988 vitae
233 2923 322 3001 illius,
347 2945 422 3011 quae
445 2926 476 2987 in
495 2922 615 2988 Christo
640 2926 752 3010 incipit,
778 2937 822 2988 est
844 2926 942 3010 ipsum
966 2923 1040 2988 illud
1062 2935 1254 3000 momentum,

133 3069 193 3134 qno
217 3051 285 3134 quis
307 3070 360 3135 per
374 3047 555 3134 baptismum
574 3052 604 3114 in
621 3051 789 3114 societatem
805 3049 926 3114 Domini
942 3051 1040 3114 nostri
1054 3047 1127 3114 lesu
1144 3047 1254 3113 Christi

132 3185 301 3260 cooptatur.
325 3172 386 3238 Nec
401 3197 480 3240 nova
494 3196 619 3261 prorsus
636 3175 694 3251 illa,
716 3187 805 3261 atque
821 3176 962 3238 inusitata
978 3177 1054 3238 ratio
1072 3186 1116 3238 est
1130 3173 1256 3259 hujusce

131 3298 264 3362 notionis
288 3299 511 3386 exprimendam
537 3321 604 3364 nam
627 3299 708 3386 apud
724 3299 922 3364 Brachmanas
946 3320 1066 3387 quoque
1084 3301 1109 3362 is
1126 3301 1177 3385 qui
1194 3301 1256 3362 cui·

133 3426 177 3487 vis
200 3426 295 3508 trium¹
309 3427 443 3511 priorum
460 3425 595 3490 classium
611 3425 798 3502 adscribitur,
824 3427 935 3510 quique
951 3421 1136 3508 pubertatem
1151 3436 1257 3488 nactus

132 3548 295 3621 sacrificiali
322 3551 461 3615 resticula
490 3536 737 3638 circumcingitur,
767 3549 806 3614 ob
831 3571 894 3612 eam
918 3564 1035 3611 causam
1059 3546 1170 3630 ‹tot-ja
1192 3549 1211 3609 i.
1229 3570 1254 3612 e.

131 3671 178 3737 bis
200 3673 319 3761 genitus
343 3676 515 3762 appellatur,
540 3679 681 3763 quoniam
703 3696 812 3738 novam
836 3675 922 3760 quasi
942 3675 1033 3738 vitam
1057 3670 1164 3736 induit.
1194 3654 1256 3737 Sed

133 3799 326 3864 sanctificatio
349 3811 468 3878 nostra,
492 3823 568 3888 quac
591 3813 637 3864 est
660 3803 745 3887 quasi
768 3801 944 3864 instauratio
969 3796 1085 3862 divinae
1103 3780 1253 3883 imaginis,

132 3945 193 3990 nnn
227 3929 392 3990 necessario
422 3928 556 4012 sequitur
584 3924 724 4012 baptismi
752 3927 1019 4012 regenerationem
1052 3943 1149 4008 neque
1178 3923 1255 3986 enim

132 4053 316 4116 continuatio
341 4053 418 4115 vitae
446 4051 589 4115 naturalis
619 4049 772 4127 omnibus,
804 4053 855 4136 qni
882 4052 945 4114 nati
970 4059 1057 4124 suut,
1088 4048 1254 4112 necessario

131 4176 333 4240 confirmatur·
367 4174 492 4258 Quoties
515 4178 546 4238 in
569 4178 636 4262 ipso
654 4188 724 4240 ortu
742 4177 911 4239 moriuntur
925 4172 1074 4238 infantes?
1097 4171 1130 4237 Si
1147 4173 1256 4236 sancti·
1274 4255 1289 4284 ο

130 4299 228 4365 tortio
252 4297 432 4387 baptismum
455 4299 704 4388 antegrederetur,
731 4299 804 4387 quid
827 4312 905 4364 esset
920 4299 970 4362 illa
984 4296 1191 4386 regeneratio?
1219 4295 1257 4360 st

126 4426 190 4511 jaan
213 4423 374 4494 urendum
399 4427 493 4504 esset,¹
521 4438 557 4491 ut
579 4445 780 4504 nasceremur,
812 4428 846 4490 si
860 4433 1053 4512 praepostera
1073 4425 1189 4502 ratione
1211 4423 1258 4510 τῷ

988 4543 1043 4604 10·
