3160 5170
618 416 830 531 gae-

346 626 396 694 Ad
418 630 500 692 rivos
522 625 739 693 Rubenitarum
762 651 869 715 magna
891 640 975 693 erant
997 630 1086 692 animi
1110 630 1241 694 consilia.

163 765 256 812 anau.
275 764 323 826 [ιτ]
349 750 451 817 Gilead
473 765 555 818 trans
578 753 742 818 Jordanum
764 753 922 841 tranquille
946 752 1081 830 sedebat,

344 877 384 941 Et
406 876 486 955 Dan,
512 897 602 964 quare
626 877 790 943 divertebat
813 879 851 943 ad
873 878 985 942 naresi

346 1001 445 1066 Asber
467 1002 507 1067 ad
527 1003 610 1068 littus
634 1006 779 1067 marinum
801 1002 1049 1080 commorabatur,

346 1126 385 1191 Et
408 1126 446 1190 ad
469 1130 552 1192 sinus
576 1150 648 1193 suos
672 1127 908 1215 conquiescebat.

272 1265 322 1321 [18]
345 1249 480 1316 Zebulou
503 1265 602 1317 autem
616 1266 661 1317 est
675 1253 806 1340 populus
823 1256 875 1340 qui
890 1255 981 1317 vitam
996 1251 1178 1337 vilipendens
1193 1256 1281 1316 morti

803 1401 833 1443 se
858 1377 975 1456 obtulit,

349 1500 478 1588 Itemque
501 1498 678 1588 Naphthali,
702 1505 733 1566 in
756 1524 828 1590 agro
852 1515 1003 1566 montano.

275 1625 427 1712 [121Age‚
453 1648 522 1713 age,
546 1625 679 1704 llcbora,
705 1649 773 1714 age,
798 1650 867 1717 age,
892 1649 1006 1692 carmen
1030 1626 1114 1720 cane!

663 1793 748 1846 straena
763 1793 782 1836 7.

631 1897 816 1939 nunonn

272 2012 321 2068 11⁹1
344 1994 498 2064 Venerunt
520 2020 613 2086 reges,
636 2013 819 2087 pugnarunt,

346 2123 425 2188 Turn
447 2136 619 2211 pugnarunt
640 2145 724 2211 reges
749 2123 987 2203 Canaanitarum,

344 2247 378 2312 ln
402 2247 582 2313 Tabanacho
606 2247 759 2337 adaquas
780 2249 986 2337 Megidclonis3

346 2371 464 2438 Setino
487 2372 647 2438 frustulum
671 2374 789 2461 quidem
811 2377 924 2461 argenti
947 2386 1147 2459 reportamus.

273 2511 322 2566 [²⁰]
346 2496 390 2562 De
414 2498 496 2562 coelo
520 2510 693 2586 pugnarunt
715 2499 823 2576 stellae,

344 2622 393 2686 Ex
416 2622 521 2687 orbitis
545 2626 606 2688 suis
628 2637 801 2710 pugnarunt
825 2635 927 2687 contra
949 2621 1071 2687 Sisram.

274 2762 323 2817 [21]
347 2747 478 2812 Torrens
503 2746 666 2830 Quishonis
690 2748 821 2837 abripuit
843 2771 903 2825 eos,

346 2871 478 2936 Torrens
501 2872 648 2938 hostiliter
671 2877 913 2939 antevertentium
937 2886 983 2938 cst
999 2885 1115 2938 torrens
1132 2868 1279 2955 Quishon.

347 2993 558 3074 Conculcabas‚
584 3001 680 3063 anima
702 3021 780 3076 mea,
805 2998 963 3063 robustos!

276 3135 324 3191 1an
348 3121 427 3188 Tum
449 3134 556 3188 terram
580 3138 819 3210 conquassanmt
841 3125 932 3188 calces
955 3145 1110 3211 equorum,

346 3243 393 3311 Ob
416 3250 606 3336 praecipitem
627 3247 728 3336 lugam
751 3248 981 3314 fortissimorum
1005 3271 1042 3314 ex
1064 3249 1130 3312 illis.

662 3415 749 3469 suopte
762 3415 782 3457 Β.
896 3382 899 3388 ¹

618 3519 825 3571 nannenus

276 3634 323 3690 [aa]
346 3619 573 3686 Exsecraminor
594 3621 716 3699 Meron,
742 3621 819 3686 dixit
841 3621 973 3684 minister
995 3619 1135 3697 Jehovae,

345 3744 572 3812 Exsecramiuor
595 3747 659 3832 ejus
682 3746 805 3822 incolas,

346 3868 423 3952 Quia
444 3893 508 3936 non
530 3883 675 3937 venerunt
697 3869 735 3936 ad
757 3870 890 3936 behovae
911 3871 1065 3948 auxilium,

344 3993 395 4060 Ad
415 3994 548 4064 lehovae
570 3996 715 4062 aemilium
738 4018 805 4060 cum
827 3999 889 4060 suis
912 3994 1064 4060 militibus.

663 4145 749 4216 saorla
764 4163 782 4207 o.
871 4145 874 4150 ’

630 4266 816 4308 nunonn

275 4383 322 4439 [tt]
345 4367 480 4433 Laudato
503 4370 542 4433 sit
563 4391 633 4456 prae
656 4368 828 4434 mulieribus
851 4368 962 4447 lahela,

231 4549 236 4558 .
346 4489 431 4558 Uxor
455 4489 581 4560 Chaberi
603 4489 742 4573 Kinnaei,
