3164 5176
834 359 911 434 258

313 592 401 660 quam
423 573 511 660 longe
533 582 639 658 postea
652 569 810 658 Baraquus
832 573 1006 658 reportavit.
1039 569 1140 656 Atque
1164 569 1212 634 hic
1235 567 1355 655 quidem
1371 569 1438 632 exi-

312 701 398 762 miam
423 719 522 762 sacrae
545 696 687 762 historiae
709 718 829 783 operam
852 699 974 762 navavit
996 698 1105 762 amicus
1129 707 1233 759 noster
1254 705 1284 758 et
1306 696 1433 770 vicinus,

312 823 465 890 Arthurus
487 822 617 907 Hervey,
641 824 687 884 vir
710 821 787 886 clara
810 825 902 907 stirpe
926 820 1086 896 oriundus,
1110 819 1248 905 idemque
1270 820 1383 905 ingenii
1407 829 1436 880 et

313 947 462 1012 doctrinae
490 945 629 1010 laudibus
655 946 882 1012 florentissimus
905 940 1111 1032 (Genealogies
1136 943 1172 1008 ol
1191 963 1247 1008 our
1268 941 1353 1007 Lord
1376 940 1437 1006 and

313 1070 443 1136 Saviour
469 1071 556 1136 lesus
581 1068 698 1148 Christ,
731 1067 908 1157 Cambridge
934 1064 1049 1150 1853).
1094 1069 1122 1132 ls
1151 1071 1242 1144 enim,
1272 1070 1349 1132 inter
1378 1065 1436 1130 alia

313 1217 389 1282 quae
411 1195 449 1259 ad
466 1195 689 1282 chronologiam
705 1194 772 1259 libri
787 1193 926 1258 Judieum
942 1196 1105 1280 spectantia
1124 1196 1235 1279 optime
1251 1191 1434 1268 observavit,

312 1343 368 1386 nos
399 1319 555 1384 admonuit
577 1315 620 1406 (p.
637 1318 703 1384 228
719 1316 799 1406 sqq.)
823 1341 857 1382 ea
880 1339 955 1405 quae
979 1318 1015 1382 de
1037 1317 1145 1382 lebino
1169 1319 1200 1382 in
1220 1315 1297 1382 libro
1321 1315 1435 1380 Josune

313 1440 422 1526 (cxl)
446 1456 720 1520 commemorentur,
745 1457 805 1508 tam
828 1441 998 1508 nominibus
1021 1463 1125 1529 regum
1141 1455 1170 1506 et
1185 1439 1319 1518 urbium,
1345 1461 1437 1526 quam

311 1571 393 1646 loco,
424 1569 477 1634 ubi
506 1591 553 1634 res
577 1582 676 1656 gestae
700 1590 763 1632 esse
787 1566 958 1644 tradantur,
988 1570 1167 1632 examussim
1191 1568 1344 1630 concinere
1368 1586 1435 1628 curn

310 1695 436 1758 historia
465 1715 540 1780 quae
562 1696 594 1758 in
615 1693 692 1758 libro
717 1692 856 1760 lodicum
879 1688 916 1773 (c.
932 1687 987 1774 IV)
1011 1705 1162 1768 narretur,
1193 1703 1222 1756 ct
1243 1693 1274 1754 in
1297 1692 1436 1776 sequenti

312 1819 441 1905 capitulo
465 1821 588 1904 poeticis
613 1817 763 1883 coloribus
787 1818 980 1905 depingatur,
1004 1817 1083 1884 unde
1100 1838 1161 1882 non
1178 1814 1341 1880 absurdum
1357 1813 1436 1880 soret

312 1942 496 2020 concludere,
519 1943 631 2008 Josuae
655 1941 763 2008 librum
787 1940 1009 2029 quodammodo
1026 1954 1196 2029 corruptam
1214 1939 1355 2005 exhihere
1371 1961 1434 2004 eam

311 2069 510 2132 narrationem
534 2089 609 2154 quae
632 2071 663 2132 in
686 2066 762 2132 libro
778 2067 916 2132 luditum
940 2070 1135 2132 contineatur.
1171 2065 1339 2148 Quinetiam
1359 2062 1434 2130 bene

312 2195 465 2279 perspexit
487 2179 595 2256 nomen
617 2191 675 2256 loci
698 2197 768 2284 Dii)
789 2185 947 2285 l'llffiJZlD
963 2193 1073 2258 nullam
1088 2191 1173 2256 aliam
1189 2190 1434 2277 significationem

312 2316 430 2392 habere,
456 2337 545 2403 mem
560 2315 639 2381 illam
655 2319 872 2382 amotionem
880 2286 1034 2382 'cumton
1049 2318 1093 2382 od
1107 2339 1215 2404 aquae,
1234 2337 1321 2402 quam
1337 2319 1435 2380 victor

311 2439 411 2506 Jabini
427 2439 538 2506 Sidone
562 2463 600 2505 ex
618 2441 709 2526 jussu
722 2441 854 2508 dehovae
878 2441 1043 2506 coniecerit.
1078 2439 1157 2523 Quid
1173 2439 1314 2527 quaeris?
1337 2439 1435 2506 scriba

312 2566 359 2629 ille
381 2565 615 2643 Masorethieus,
647 2587 754 2653 quum,
784 2580 856 2654 post
884 2566 1021 2632 exsilium
1043 2563 1273 2652 Babylonicum,
1304 2564 1435 2631 abscissa

312 2691 361 2755 illa
375 2703 507 2756 veterum
530 2704 701 2778 poematum
724 2704 784 2756 tam
798 2695 960 2779 epicorum
975 2711 1064 2778 quam
1079 2690 1242 2778 lyricorum
1256 2690 1388 2756 membra
1403 2694 1434 2756 in

310 2837 423 2880 novum
439 2837 548 2901 corpus
560 2819 785 2902 coagmentavit,
798 2816 918 2894 Josnec,
935 2816 1061 2903 principi
1074 2814 1303 2882 Canaanitarum
1315 2818 1433 2894 victori,

313 2961 414 3006 omnes
443 2953 504 3003 tarn
532 2941 776 3026 septentrionales
801 2963 890 3028 quam
919 2940 1125 3008 meridionales
1148 2945 1288 3008 victorias
1316 2940 1432 3006 tribuit.

271 3085 273 3090 ·
313 3062 403 3144 Quod
425 3063 513 3151 longe
536 3064 620 3128 aliter
635 3065 749 3129 accidit.
778 3063 853 3128 Nam
876 3078 1037 3153 postquam
1052 3036 1208 3142 israelitae,
1232 3067 1327 3132 desua
1348 3064 1432 3142 duce,

313 3185 410 3251 sedem
441 3186 498 3252 sibi
528 3187 662 3253 stabilem
692 3202 722 3256 et
749 3190 929 3256 domicilium
956 3193 987 3256 in
1009 3190 1176 3256 Palaestina
1198 3193 1432 3268 constituissent,

311 3310 389 3376 illico
419 3333 471 3376 eos
500 3317 697 3378 conterminae
723 3327 825 3401 gentes
853 3314 967 3382 infestis
996 3315 1217 3382 incursionibus
1241 3314 1432 3380 lacessebant.

311 3437 429 3501 Primus
451 3439 544 3524 igitur
557 3438 792 3526 Mesopotamiae
814 3463 867 3504 rex
885 3462 982 3504 novos
1000 3442 1122 3506 colonos
1139 3439 1313 3517 debellabat,
1338 3461 1433 3526 equo

312 3565 433 3626 servitio
458 3559 577 3628 Othniel
605 3563 751 3629 Israelitas
782 3577 887 3630 octavo
918 3587 996 3630 anno
1026 3565 1170 3632 liberabat
1198 3561 1287 3646 (tud.
1304 3564 1357 3642 Ill,
1380 3561 1431 3640 9).

313 3683 413 3768 Quum
443 3683 563 3752 Othniel
591 3687 692 3754 Calehi
727 3688 818 3753 luerit
847 3711 885 3754 ex
912 3689 1001 3757 fratre
1031 3713 1141 3778 nepos,
1177 3688 1305 3754 Calcbus
1334 3701 1435 3752 autern

311 3808 422 3876 Josuae
446 3812 584 3898 aequalis,
609 3812 692 3877 haud
713 3816 859 3880 immerito
883 3815 1002 3881 deducit
1016 3815 1161 3880 Herveius
1176 3827 1279 3880 noster
1295 3808 1338 3900 (p.
1353 3809 1433 3894 222)

311 3933 514 4000 liberationem
542 3934 580 4000 ab
605 3934 741 4003 Othniele
771 3938 901 4004 effectam
929 3940 976 4006 vel
1003 3943 1118 4006 vivente
1140 3940 1236 4006 Josua
1259 3938 1305 4006 vel
1332 3940 1434 4003 statim

311 4073 382 4146 post
404 4061 468 4145 ejus
491 4073 615 4127 mortem
638 4064 809 4150 contigisse.
844 4063 955 4128 Deinde
980 4065 1111 4130 ostendit
1124 4067 1171 4128 vir
1186 4062 1435 4152 doctusnrlmmo·

311 4187 440 4250 nitarum
462 4198 492 4250 et
505 4186 706 4252 Moabitarum
730 4187 959 4254 dominationem
979 4213 1032 4277 per
1048 4189 1211 4255 octodecim
1226 4211 1331 4266 annos,
1356 4209 1434 4276 quae

311 4312 342 4372 in
365 4334 390 4374 c.
406 4311 451 4376 ΠΙ.
475 4325 622 4390 narratur,
647 4313 769 4378 eandem
792 4335 855 4379 esse
878 4327 968 4402 atque
990 4315 1068 4381 illam
1092 4338 1107 4380 c
1130 4337 1189 4402 qua
1211 4314 1321 4402 Jepbta
1343 4313 1434 4400 longe

312 4446 383 4518 post
404 4456 477 4502 suos
499 4439 609 4504 exemit
631 4433 669 4520 (c.
685 4437 737 4515 XI,
757 4436 807 4515 13,
825 4437 877 4517 24,
895 4435 939 4522 5),
962 4462 1017 4506 nec
1033 4438 1196 4508 Gibeonem
1218 4439 1278 4506 alio
1298 4452 1435 4526 tempore
