3152 5160
751 311 963 426 Q

300 549 388 616 quam
424 524 584 614 aliquando
618 527 732 614 posteri
761 524 824 609 ejus
855 519 1028 587 debellaturi
1058 534 1149 588 crant.
1197 519 1258 588 Sed
1286 527 1419 592 constitit

297 654 404 740 majori
431 664 504 716 natu
532 673 604 715 suus
633 650 741 714 honos.
779 647 828 747 *lte
854 648 954 712 multis
984 659 1056 734 post
1081 648 1204 714 saeculis
1227 648 1416 728 Mabumeda,

297 776 487 842 lsmaeliticus
505 775 784 863 pseudopropheta,
809 786 936 838 veterem
951 771 1221 839 Abrahamidarum
1236 775 1419 864 relligionem

299 907 404 968 mirum
432 905 463 966 in
492 901 615 966 modum
636 898 766 965 ludibrio
790 902 888 963 vertit.
935 898 1028 962 Periit
1052 897 1137 982 Qaini
1160 903 1327 989 progenies.
1374 901 1419 967 Ne

298 1027 431 1094 Herodes
456 1026 573 1114 quidem
596 1025 804 1126 idumaeorum
826 1022 1013 1114 tyrannidem
1029 1046 1203 1090 conservare
1220 1031 1328 1112 potuit.
1359 1025 1419 1094 Sed

298 1154 451 1218 lslamismi
480 1150 657 1228 dominatio,
688 1150 725 1216 ab
748 1150 910 1239 Hagarcnis
938 1147 1085 1246 profecta,
1114 1151 1300 1237 permultos
1324 1173 1419 1217 annos

299 1279 346 1345 vel
360 1279 500 1364 Europae
516 1275 742 1342 Cluistianismo
761 1274 961 1352 minitabatur,
985 1298 1038 1340 nec
1055 1275 1125 1340 dum
1144 1254 1262 1363 penitus
1278 1275 1417 1344 abolevit.

301 1403 383 1487 Quae
407 1425 499 1491 quum
522 1401 610 1467 luerit
632 1401 687 1466 Dei
709 1401 913 1488 providentia,
944 1399 1082 1466 libentius
1107 1399 1144 1464 ab
1167 1401 1225 1467 hoc
1248 1402 1314 1470 loco
1340 1404 1421 1470 colli·

299 1551 368 1618 gas,
399 1528 553 1594 lsmaelum
576 1549 630 1592 nee
651 1529 735 1592 initio
760 1540 843 1591 tanto
868 1526 938 1592 odio
962 1529 994 1591 in
1016 1524 1135 1592 fratrem
1159 1548 1247 1593 suum
1270 1532 1419 1606 saeviisse,

300 1677 353 1719 nco
381 1667 487 1742 postca
517 1657 547 1718 in
576 1666 673 1719 tantas
705 1655 923 1741 superstitionis
948 1650 1182 1718 abominationes
1205 1652 1323 1741 lapsum
1346 1677 1419 1720 esse.

301 1779 362 1845 Sed
391 1793 426 1844 ut
449 1778 565 1846 Shebae
594 1781 696 1867 regina
722 1778 762 1843 ad
786 1777 978 1843 Solomoncm
1007 1778 1242 1844 conveniendum
1264 1782 1296 1844 in
1318 1779 1421 1845 Palae·

302 1908 408 1969 atinam
437 1908 493 1969 iter
516 1904 599 1983 lecit,
630 1903 733 1968 codem
757 1903 816 1968 lcrc
839 1916 972 1990 tempore
996 1925 1056 1989 quo
1080 1904 1152 1969 hacc
1174 1903 1331 1970 dasharani
1353 1905 1421 1972 libri

300 2030 476 2117 Fragmenta
498 2033 529 2093 in
552 2051 645 2094 unum
669 2051 777 2116 eorpus
796 2027 1015 2118 redigebantur,
1040 2028 1212 2094 crediderim
1228 2030 1351 2118 aliquod
1365 2032 1422 2096 rcl·

302 2157 424 2243 ligiosae
454 2157 631 2243 cognitionis
661 2167 691 2218 ct
719 2167 881 2219 ceterarum
908 2153 1055 2220 bonarum
1084 2159 1191 2221 artium
1215 2159 1421 2224 commercium

301 2284 378 2346 inter
400 2292 541 2369 cognatas
565 2283 700 2346 nationes
725 2280 777 2346 diu
799 2282 938 2368 viguisse.

501 2661 510 2676 ,
557 2591 600 2664 ΙΝ
627 2588 925 2662 FRAGMENTUM
953 2588 1168 2669 QUARTUM.

390 2784 481 2849 isaaci
504 2797 533 2848 et
547 2781 711 2848 Abrahami
734 2783 889 2872 historiam
912 2783 1126 2871 quadamtenus
1150 2788 1338 2851 commixtam
1357 2809 1422 2853 esse

301 2922 451 2976 noverunt
474 2931 576 2972 ornnes
600 2911 652 2996 qui
676 2905 804 2973 Genesin
825 2908 926 2996 paullo
950 2912 1090 2974 attentius
1114 2911 1245 2976 lectitant
1268 2906 1322 2994 (cl.
1348 2911 1421 2978 Gen.

302 3033 364 3132 XX
387 3057 411 3098 e.
429 3032 502 3100 Gen.
518 3030 658 3116 XXVl);
682 3046 716 3098 ut
733 3035 802 3119 jure
825 3033 1093 3113 addubites„num
1117 3035 1245 3104 duorum
1268 3038 1423 3104 hominum

205 3130 210 3143 .
303 3183 349 3226 res
379 3173 492 3250 gestas,
526 3183 564 3224 an
593 3163 694 3247 potius
723 3158 820 3225 tribus
849 3161 942 3238 illius,
976 3165 1023 3226 cui
1051 3176 1206 3249 praeerant
1233 3163 1423 3230 Abrahamus

301 3285 439 3374 filiusque
462 3309 545 3364 suus,
570 3286 744 3352 traditiones
768 3299 836 3350 ante
860 3286 962 3351 oculos
981 3285 1100 3361 habeas.
1135 3287 1181 3354 Ac
1198 3288 1332 3377 profecto
1348 3291 1423 3356 nihil

302 3411 404 3491 refert,
429 3435 489 3501 quo
514 3416 632 3478 nominc
647 3411 887 3478 Jchovicolarum
909 3412 1082 3476 Patriarcha
1104 3435 1171 3478 eum
1193 3414 1423 3482 Philistaeorum

302 3562 369 3628 rege
392 3542 597 3628 pacisceretur.
634 3537 695 3603 Sed
717 3542 749 3603 in
772 3537 964 3603 describendo
982 3539 1230 3627 quemadmodum
1252 3545 1303 3628 pia
1324 3541 1423 3608 tribus

301 3663 411 3729 infidos
439 3663 543 3728 fratres
575 3665 610 3729 dc
639 3677 772 3752 tempore
801 3665 833 3728 in
862 3677 979 3751 tempus
1009 3663 1163 3751 abjiceret,
1199 3679 1228 3731 ct
1255 3681 1423 3734 nascentem

303 3788 452 3854 ecclesiam
476 3789 653 3858 arctioribus
674 3811 770 3878 usque
788 3788 930 3855 limitibus
947 3803 1158 3878 compesceret,
1183 3791 1311 3858 vividam
1328 3815 1424 3882 quam

303 3915 370 3980 dam
394 3929 423 3980 et
445 3915 632 3982 dramatieam
655 3929 860 4004 exspectamus
875 3936 1070 4004 personarum
1086 3917 1323 3998 delineationem,
1350 3942 1425 4008 qua·

302 4042 358 4108 lem
380 4045 412 4106 in
435 4043 493 4106 hoe
514 4042 692 4130 Fragmento
717 4040 841 4106 libenter
864 4045 1061 4130 agnoscimus.

390 4168 536 4255 Imprimis
566 4190 671 4256 operae
700 4171 828 4255 pretium
859 4180 904 4234 est
932 4168 1176 4248 animadvertere,
1208 4182 1336 4258 quantae
1364 4174 1425 4238 sint

303 4293 458 4358 mulierum
487 4296 517 4357 in
546 4293 602 4358 hac
628 4296 852 4382 prosopopoeia
879 4307 993 4382 partes,
1029 4307 1211 4382 quantopere
1239 4295 1357 4362 valeant
1385 4295 1425 4362 ad

302 4419 536 4504 patriarcharum
558 4417 645 4485 fidem
669 4417 826 4486 fovendam
848 4443 979 4488 uxorum
1002 4423 1133 4488 semitica
1148 4425 1296 4511 cognatio,
1322 4435 1352 4488 et
1366 4423 1426 4488 rel·
