3152 5160
651 361 723 434 135

139 583 285 642 amum.
309 565 348 636 Se
372 584 470 636 autem
493 574 590 636 virum
614 576 754 659 requietis
779 570 1102 659 (Noocbeaullactum
1125 601 1203 658 esse3
1258 571 1261 576 ’

126 709 285 760 cen.vl11‚4.
307 696 346 760 Et
368 697 555 783 tranquillam
580 698 677 763 sedern
701 703 732 763 in
754 713 854 764 monte
878 705 1041 768 sanctitatis
1064 695 1169 769 nactus

307 819 351 883 lbi
365 824 511 908 requievit
526 843 624 888 mense
640 827 776 911 septimo,
795 825 907 890 decimo
925 831 1050 913 septimo
1065 827 1111 892 dic
1123 834 1246 910 mensis;

157 955 285 1015 alteo-Vt·
308 944 349 1009 lbi
375 945 493 1012 domm
517 946 568 1013 llel
593 944 728 1030 (Beatos)
752 951 934 1037 magnificam
959 951 1137 1031 aedificavit3

96 1081 284 1138 recavum·
306 1069 350 1134 lbi
374 1081 479 1136 aarum
502 1072 564 1139 teo
588 1069 620 1155 (i.
637 1096 661 1136 c.
686 1077 716 1136 in
740 1069 861 1156 Pantul)
884 1090 1029 1163 perpetuo
1054 1097 1183 1156 versans,

120 1207 234 1258 nauem.
248 1213 283 1254 rs.
307 1194 346 1260 Et
368 1195 398 1260 id
424 1197 507 1284 quod
522 1176 655 1279 ‘plebum
679 1211 724 1262 est
747 1211 776 1262 ct
799 1196 909 1264 bunum
932 1199 1049 1279 faciens,

79 1297 283 1410 cppgxffljgj
306 1321 451 1387 Jelrovem
477 1326 508 1387 in
532 1333 633 1387 sancto
658 1345 714 1387 suo
738 1325 847 1411 templo
872 1324 1017 1413 relligioso
1040 1326 1245 1394 venerabatur.

578 1552 790 1564 ᾖ...

470 1751 899 1888 conueurnmus

211 2071 286 2135 Rern
308 2073 402 2158 ipsam
426 2071 558 2160 undique
581 2072 812 2159 contemplantes
836 2075 1052 2137 constituamus
1067 2093 1185 2138 necesse
1201 2087 1247 2138 est

126 2197 227 2261 diluvii
242 2194 394 2260 Noachani
419 2198 573 2263 historiam
591 2220 628 2263 ex
645 2197 753 2284 triplici
769 2201 888 2261 materie
904 2197 1062 2262 conflatam
1078 2201 1150 2262 csse.
1180 2195 1246 2262 Prl·

125 2343 201 2385 mum
233 2324 308 2385 enirn
343 2335 458 2409 spectat
486 2323 524 2386 ad
552 2343 651 2388 veram
681 2323 808 2409 aliquam
839 2341 982 2408 aquarum
1012 2320 1244 2399 inundationem,

125 2468 213 2533 quae,
245 2466 337 2533 quum
360 2448 495 2511 homines
519 2447 616 2512 adhue
637 2460 767 2511 recentes
791 2467 829 2509 ex
851 2444 1009 2511 Armeniae
1032 2444 1184 2510 montibus
1207 2445 1246 2510 ad

124 2573 269 2658 palustres
297 2572 531 2659 Mesopotamiae
565 2575 700 2660 regiones
730 2569 965 2645 descendissent,
1002 2569 1186 2656 complures,
1219 2574 1245 2634 si

124 2719 182 2760 non
211 2697 385 2783 plerosque,
418 2696 577 2764 submersit
599 2710 629 2762 et
651 2695 823 2772 suffocavit,
854 2713 967 2782 paucos
992 2707 1102 2770 autem,
1134 2692 1244 2780 quibus

124 2821 194 2886 illud
218 2787 380 2910 sullugium
403 2835 530 2909 pateret,
555 2823 593 2888 ad
617 2824 750 2888 altiorem
772 2823 922 2909 regionem
938 2819 1033 2884 redire
1049 2822 1154 2906 coegit.
1191 2816 1260 2884 Se·

124 2947 237 3024 eundo,
269 2947 391 3012 denotat
419 2969 480 3012 non
509 2948 599 3012 modo
622 2948 820 3012 Israelitarum
846 2969 899 3033 per
921 2967 1001 3010 mare
1024 2957 1054 3012 et
1077 2945 1191 3010 deserta
1213 2947 1244 3008 in

122 3085 229 3136 terram
244 3073 465 3160 tranquillitatis
482 3073 656 3150 adventum,
674 3095 777 3138 verum
794 3075 879 3136 etiam
898 3093 1030 3136 securam
1045 3070 1124 3135 illam
1139 3067 1245 3136 dasba-

122 3219 209 3262 ranae
239 3198 400 3284 relligionis
425 3201 680 3275 constitutionem,
713 3219 805 3285 quum
827 3210 968 3286 regnante
992 3195 1155 3261 Solomone
1178 3217 1245 3260 arca

122 3323 248 3388 foederis
271 3326 303 3386 in
326 3323 481 3411 splendida
504 3323 574 3388 aede
598 3323 741 3388 collocata
764 3336 817 3387 est.
865 3323 985 3398 Tertio,
1016 3325 1137 3387 auctore
1159 3321 1245 3408 Apo·

123 3450 199 3514 stolo
215 3449 317 3525 Petro,
342 3452 427 3535 quasi
449 3449 546 3536 figura
569 3447 709 3513 describit
731 3447 809 3512 illam
825 3447 969 3534 Baptismi
992 3447 1246 3533 regenerationem

122 3597 180 3662 qua
205 3594 306 3639 ornnes
324 3571 485 3639 Christiani
508 3595 525 3637 a
548 3586 680 3638 terrenae
703 3575 851 3660 nequitiae
874 3570 1014 3636 fluctibus
1036 3582 1193 3634 servantur
1215 3571 1245 3634 et

122 3699 158 3763 ad
181 3702 389 3786 sempiternam
412 3699 653 3786 tranquillitatem
675 3701 858 3785 pertingunt.
892 3697 940 3761 Ex
962 3694 1059 3760 trihus
1075 3696 1122 3760 his
1140 3695 1244 3760 diluvii

122 3824 387 3912 significationibus
421 3827 549 3910 scriptor
576 3824 759 3888 lasharanus
788 3825 907 3887 nonnisi
936 3821 1109 3898 secundam,
1145 3824 1242 3908 primo

122 3949 217 4014 saltim
241 3949 395 4014 oculorum
421 3947 545 4051 obtutu,
573 3949 789 4036 contemplatus
814 3961 867 4012 est.
913 3947 1063 4012 Historiae
1084 3945 1134 4009 illa
1155 3947 1243 4009 laun*

122 4074 241 4138 datione
264 4087 405 4161 tanquam
430 4054 650 4140 substructione
673 4073 823 4149 utebatur,
848 4086 878 4137 et
893 4071 1131 4138 Christianorum
1146 4071 1242 4134 initia·

121 4204 232 4264 tionem
256 4199 375 4264 coelesti
399 4200 527 4286 quodam
549 4203 654 4264 mentis
670 4203 812 4264 instinctu
828 4199 1118 4286 prolatusaugurari
1133 4197 1242 4283 potuit.

123 4324 182 4390 Sed
210 4339 247 4390 ut
274 4321 389 4390 Noachi
417 4348 526 4390 nomen
556 4338 584 4389 et
611 4347 658 4389 res
688 4346 762 4412 quae
794 4322 1002 4388 describuntur
1028 4322 1174 4399 indicent,
1206 4321 1245 4386 ed
1282 4410 1285 4415 .

122 4451 318 4516 israelitarum
339 4473 489 4540 Narcaeque
518 4463 720 4517 sacrosanctae
749 4453 781 4515 in
809 4452 956 4541 promisso
984 4449 1088 4515 tellure
1111 4469 1244 4514 securam
