3172 5186
825 345 902 420 320

305 571 379 624 sent.
412 554 487 622 Nam
509 555 638 622 Datbius
661 554 700 622 ad
721 569 856 644 tempora
877 556 1118 643 persecutionum
1141 551 1327 620 Saulicarnm
1341 551 1435 619 Psal-

304 705 383 746 mnm
406 695 538 770 spectare
562 694 668 746 censet.
711 681 868 747 Maurerns
892 703 959 745 eum
981 683 1012 743 in
1036 679 1141 743 exsilio
1165 680 1212 744 vel
1235 682 1334 745 statim
1358 691 1433 744 ante

305 807 441 872 exsilium
470 810 611 894 scriptum
640 805 809 871 arbitratur.
866 805 905 870 Et
934 803 1021 869 uobis
1052 817 1157 869 auctor
1187 816 1232 868 est
1261 802 1294 869 G.
1317 804 1352 868 L.
1369 801 1431 868 W.

306 929 430 1008 Grimm,
466 934 653 1019 nuperrimus
689 930 756 995 libri
787 930 965 996 Maccabaici
1000 928 1097 993 editor
1125 922 1278 1016 (hurzgel.
1308 939 1430 1016 exeget.

304 1053 422 1119 Handb.
439 1078 466 1119 z.
484 1054 513 1119 d.
529 1055 705 1142 Apoeryph.
729 1055 774 1118 III.
790 1053 863 1120 Liel.
891 1052 986 1119 1853.
1009 1076 1040 1141 p.
1054 1048 1191 1134 XXVII),
1214 1053 1377 1140 Hitzigium
1394 1054 1431 1116 in

305 1183 512 1245 commentario
542 1203 598 1245 sno
625 1179 663 1244 ad
685 1178 819 1243 Psalmos
847 1179 926 1243 illam
955 1183 1124 1266 opinionem
1153 1181 1317 1254 retorsisse,
1348 1198 1431 1264 quae

304 1304 384 1369 hunc
406 1303 554 1369 Psalmum
584 1278 623 1369 ad
649 1302 869 1370 Seleucidarum
899 1316 1022 1376 aetatem
1051 1302 1174 1368 reducit.
1226 1301 1331 1366 Falsos
1360 1323 1430 1365 esse

304 1430 388 1506 istos,
412 1431 593 1494 verissimam
616 1441 713 1493 autem
736 1449 799 1492 esse
822 1428 901 1493 tituli
923 1431 1020 1493 nostri
1039 1427 1239 1504 traditionem,
1262 1425 1345 1490 baud
1368 1424 1431 1489 dil'-

304 1552 378 1618 ficile
401 1557 456 1618 erit
478 1553 687 1618 demonstrare.
731 1553 889 1640 Inprimis
912 1565 1008 1617 autem
1033 1552 1232 1640 quaerendum
1256 1564 1309 1628 est,
1334 1571 1430 1638 quae-

304 1699 372 1741 nam
403 1681 442 1742 sit
470 1700 504 1744 ea
531 1680 656 1743 historia
687 1699 762 1766 quac
788 1681 819 1741 in
848 1677 936 1742 titulo
966 1677 1156 1766 significatur.
1202 1676 1311 1764 Liquet
1332 1678 1429 1763 igitur

305 1767 351 1868 res
374 1814 472 1890 gestas
488 1827 536 1869 eas
553 1826 625 1880 esse,
651 1801 736 1891 quae'
748 1806 779 1866 in
803 1802 823 1867 2
840 1800 919 1867 Sam.
936 1800 1011 1878 VIII,
1038 1798 1053 1867 1
1071 1802 1197 1888 Paralip.
1213 1801 1318 1879 XVIII,
1344 1822 1429 1864 com-

305 1941 515 1992 memorantur.
562 1927 688 2006 Scilicet,
712 1941 747 1993 ut
768 1927 920 1992 Michaelis
944 1929 993 2002 ait,
1022 1929 1064 1990 sie
1085 1948 1132 1990 res
1155 1937 1239 2014 gesta
1261 1938 1337 1990 erat:
1362 1946 1426 2012 quo

304 2064 438 2138 tempore
460 2055 491 2115 in
513 2051 638 2129 Ambla,
671 2065 700 2116 et
722 2052 759 2115 ad
781 2051 962 2138 Euphratem
987 2073 1053 2115 eum
1074 2051 1264 2115 Damascenis
1288 2063 1317 2114 et
1337 2047 1428 2114 Nesi-

304 2175 389 2240 benis
403 2175 532 2241 Derides
555 2175 716 2264 pugnabat,
740 2180 835 2263 ipsam
858 2199 876 2240 a
896 2189 981 2263 tergo
999 2175 1141 2240 Iudaeam
1165 2179 1339 2240 invaserunt
1355 2173 1427 2239 Idu-

305 2304 393 2378 maeI,
423 2300 646 2387 Hierosolymae
670 2304 869 2378 imminentes,
901 2322 988 2388 mam
1018 2322 1126 2388 magno
1155 2313 1236 2364 metu
1264 2299 1424 2364 adllarunt.

305 2424 410 2514 Ingens
447 2425 593 2490 tumultus
630 2439 714 2491 ortus
748 2437 792 2490 est
826 2447 864 2489 ex
896 2426 952 2489 hac
984 2427 1170 2490 inimicorum
1208 2427 1424 2512 conjuratione,

306 2571 395 2637 mam
410 2550 539 2615 Derides
561 2551 611 2614 Ps.
627 2550 661 2615 Il.
680 2563 779 2637 aperte
802 2517 950 2614 describit.
985 2549 1062 2614 Hinc
1085 2548 1242 2614 sollicitum
1266 2562 1296 2614 et
1317 2563 1426 2615 treme-

306 2674 440 2739 bundum
470 2674 579 2740 Psalmi
607 2679 704 2740 nostri
730 2678 925 2763 prooemium.
973 2672 1036 2739 Sed
1064 2673 1133 2738 dum
1162 2673 1292 2738 Davides
1320 2675 1425 2739 hostes

307 2799 363 2864 sibi
391 2803 448 2887 ipsi
480 2803 636 2887 oppositos
671 2803 782 2889 ingenti
819 2799 899 2863 clade
933 2797 1127 2887 profligabat,
1162 2821 1231 2886 pars
1265 2803 1423 2876 exercitus,

306 2923 402 2988 loabo
428 2923 501 2988 duee
516 2923 678 2988 secundum
692 2924 772 2988 hunc
786 2924 895 2989 Psalmi
910 2923 1039 3000 titulum,
1064 2922 1125 3001 sed,
1150 2927 1176 2987 si
1190 2923 1424 3010 Paralipomenis

307 3043 350 3129 (1,
366 3047 470 3124 XVIII,
491 3044 543 3130 12)
566 3048 653 3112 fidem
676 3047 757 3125 lacis,
781 3047 910 3113 Abisaeo
934 3046 1023 3113 lratre
1047 3049 1110 3134 ejus
1125 3052 1296 3136 imperante,
1320 3048 1424 3112 inPa-

306 3171 457 3236 laestinam
478 3175 586 3237 reverti
604 3173 699 3256 jussa,
722 3173 887 3250 Idumaeos,
911 3196 1004 3261 quum
1018 3176 1072 3237 vix
1093 3177 1183 3238 unius
1204 3173 1263 3238 diei
1277 3173 1325 3236 vel
1338 3171 1423 3238 bidui

305 3297 409 3361 itinere
431 3295 638 3384 Hierosolyma
660 3295 805 3376 abessent,
829 3310 912 3362 tanta
935 3297 1015 3361 clade
1039 3298 1141 3375 affecit,
1166 3310 1201 3362 ut
1217 3299 1311 3362 totius
1326 3300 1422 3385 gentis

306 3422 433 3486 servitus
470 3436 707 3510 consequeretur.
759 3423 852 3488 Vides
885 3426 978 3511 igitur
1011 3422 1089 3486 hanc
1121 3422 1276 3487 historiam
1312 3425 1422 3509 optime

306 3545 450 3632 quadrare
473 3549 503 3611 in
527 3560 642 3635 apertas
666 3549 757 3635 hujus
779 3547 888 3612 Psalmi
912 3545 1133 3611 declarationes.
1170 3545 1324 3634 Significat
1346 3549 1422 3610 enim

305 3668 434 3735 Davides
464 3665 505 3752 (v.
526 3668 579 3754 10)
611 3695 641 3736 se
670 3672 846 3737 Philistaeos
871 3673 933 3758 jam
963 3684 1049 3738 antea
1078 3671 1235 3748 devicisse,
1271 3671 1354 3760 quod
1384 3669 1422 3734 ad

306 3793 423 3859 2Sam.
444 3795 515 3859 c.V
536 3799 682 3882 pertinere
706 3798 769 3882 jam
797 3809 882 3861 antea
911 3796 1057 3874 vidimus3
1087 3817 1118 3860 sc
1146 3809 1244 3861 autem
1272 3794 1421 3860 Moabitas

305 3931 335 3983 et
360 3919 514 3984 Idumaeos
542 3942 598 4007 pro
628 3924 721 3986 servis
749 3921 857 3987 habere
884 3943 983 4007 posse.
1034 3920 1077 3985 At
1105 3923 1136 3984 in
1166 3920 1242 3984 libro
1278 3920 1420 3985 historico

305 4038 367 4126 (vv.
387 4041 437 4121 12,
457 4040 510 4127 13)
532 4045 692 4122 Moabitae,
716 4046 877 4122 Philistaei,
900 4045 1028 4109 Idumaei
1052 4067 1111 4109 una
1131 4057 1349 4110 enumerantur.
1383 4043 1422 4108 Et

304 4191 333 4232 v.
353 4165 390 4232 11
416 4168 498 4232 haud
521 4169 645 4236 obscure
668 4173 765 4235 innuit
780 4183 948 4236 montanam
963 4170 1115 4234 Idumaeae
1131 4172 1280 4258 regionem
1297 4169 1421 4234 castellis

304 4296 446 4358 munitam
476 4307 505 4360 et
532 4294 652 4360 tributis
681 4295 841 4361 obnoxiam
869 4290 903 4376 (2
919 4293 999 4360 Sam.
1015 4294 1095 4370 VIII,
1116 4290 1180 4377 11).
1226 4293 1327 4381 Atque
1350 4293 1423 4358 haec

306 4420 403 4482 omnia
432 4432 503 4505 post
531 4442 674 4484 summam
703 4423 881 4485 anxietatem
909 4433 939 4485 et
964 4423 1118 4484 imminens
1141 4419 1303 4504 periculum
1327 4421 1419 4484 conti·
