3152 5160
764 305 977 417 „nn

309 521 550 608 tranquillitatem
572 519 716 584 lectonam
732 516 998 584 considerationem
1014 515 1139 604 dirigere
1154 515 1260 582 voluit.
1293 513 1433 583 Ceterum

310 647 427 734 singula
450 666 672 733 persequamur.

398 770 419 834 l.
456 768 490 836 Si
517 793 590 857 gens
621 771 750 836 humana
778 773 809 832 in
837 768 978 858 Armenia
1007 780 1072 832 orta
1103 779 1160 844 cst,
1190 767 1431 833 verisimillimum

310 910 355 962 est
381 898 477 984 prima
503 897 687 982 migrationis
711 894 833 960 flumina
855 897 886 958 in
908 894 1012 959 Asiam
1034 896 1177 960 minorem
1201 892 1334 957 derivata
1356 915 1430 958 esse.

309 1021 419 1087 Postea
434 1043 504 1086 vero
530 1019 667 1086 credibile
691 1033 735 1084 cst
757 1020 891 1086 homines
915 1023 947 1084 in
962 1041 1082 1106 campos
1096 1018 1331 1106 Mesopotamiae
1345 1020 1433 1105 paul-

309 1148 390 1212 latim
407 1144 606 1223 descendisse,
632 1147 698 1233 qui,
724 1147 749 1210 si
766 1145 911 1234 geologos
927 1123 1074 1223 audimus,
1098 1143 1243 1210 lutulenta
1259 1157 1289 1210 et
1303 1166 1433 1211 coenosa

310 1273 417 1342 alluvie
440 1271 530 1338 coliiti
554 1285 650 1349 crant,
675 1292 729 1359 per
752 1293 841 1360 quam
864 1274 992 1360 segniter
1016 1269 1211 1337 deciurebant
1225 1292 1323 1336 amnes
1340 1273 1431 1336 variis

309 1399 486 1462 lacertorum
508 1395 667 1484 generibus
690 1408 849 1474 scatentes,
879 1396 950 1460 dum
973 1395 1164 1462 danotbetic
1186 1418 1261 1484 quae
1285 1409 1433 1479 vocantur

309 1527 420 1613 passim
443 1545 474 1587 se
498 1522 536 1586 ad
559 1524 638 1609 ripas
654 1523 802 1587 immensis
827 1521 958 1586 dentium
981 1526 1097 1587 ancoris
1120 1520 1292 1610 religabant.
1330 1522 1364 1587 In
1380 1523 1431 1589 tali

308 1649 422 1715 telluris
451 1650 570 1736 ingenio
601 1647 713 1712 assidui
740 1645 848 1712 imbres
877 1645 933 1711 sub
962 1647 1049 1712 finem
1078 1649 1228 1712 auctumni
1250 1647 1432 1734 paludosum

310 1775 407 1840 solunt
429 1775 459 1837 in
475 1776 561 1860 ponti
577 1794 708 1861 aequora
723 1786 892 1837 convertere
908 1785 1061 1861 poterant,
1086 1786 1129 1850 ut,
1153 1771 1207 1838 ubi
1223 1777 1318 1860 sparsi
1334 1775 1432 1839 homi·

309 1921 361 1965 nes
385 1921 454 1964 suas
477 1899 605 1986 pecudes
628 1897 763 1985 agebant,
786 1919 866 1964 mare
886 1911 1065 1987 proruptum
1090 1921 1156 1964 cum
1170 1909 1255 1964 vasto
1279 1923 1432 1967 murmure
1489 1983 1492 1999 1

311 2036 445 2112 surgeret
472 2036 501 2088 et
529 2023 634 2110 pelago
665 2026 784 2088 sonanti
813 2046 883 2089 arva
913 2028 1101 2112 opprimeret.
1148 2023 1264 2107 Quodsi
1290 2029 1322 2090 in
1350 2041 1432 2093 tanta

311 2161 408 2237 strage
436 2148 570 2237 plerique
600 2148 703 2213 omnes
728 2149 840 2214 incolae
862 2149 997 2216 funditus
1020 2153 1190 2239 periissent,
1220 2155 1308 2238 pauci
1331 2167 1431 2221 autem

311 2295 377 2340 curn
399 2276 461 2338 suis
484 2273 601 2338 familiis
625 2287 654 2340 et
676 2278 815 2340 armentis
839 2275 885 2340 vel
907 2279 938 2340 in
960 2275 1067 2363 cymba
1089 2276 1286 2365 qualicunque
1307 2279 1354 2344 vel
1376 2303 1432 2366 per

310 2397 450 2466 inferiora
472 2402 618 2489 montium
636 2401 711 2489 juga
734 2403 765 2465 in
779 2399 949 2466 Armeniam
972 2403 1064 2490 elapsi
1083 2415 1193 2479 essent,
1219 2401 1292 2489 quid
1305 2417 1441 2474 naturae

310 2528 403 2612 magis
427 2538 655 2592 consentaneum
679 2547 768 2612 quam
790 2526 847 2592 hos
863 2527 974 2615 ubique
992 2550 1127 2595 narrasse
1142 2542 1172 2593 ct
1185 2530 1343 2595 memoriae
1357 2553 1432 2617 pro-

311 2649 420 2718 didisse
444 2673 475 2714 se
498 2673 629 2738 suosque
653 2650 752 2716 divina
774 2652 961 2737 providentia
977 2653 1096 2739 adjutos
1114 2652 1150 2717 ab
1166 2656 1287 2719 instanti
1301 2653 1431 2740 pernicie

311 2777 409 2841 salvos
433 2797 510 2853 esse,
536 2787 649 2840 ceteros
666 2796 737 2840 vero
761 2775 895 2842 homines
918 2791 1042 2866 propter
1064 2782 1241 2866 impietatem
1260 2777 1315 2846 sub
1331 2780 1430 2848 flucti-

308 2900 366 2965 bus
389 2901 447 2966 illis
472 2899 644 2965 demersos}¹
680 2899 779 2984 Quum
807 2903 889 2969 nulla
911 2906 942 2968 in
964 2916 1050 2970 textu
1072 2903 1272 2972 Masorcthico
1296 2908 1430 2973 miraculi

310 3024 484 3114 significatio
516 3029 568 3102 sit,
598 3025 685 3113 plane
714 3040 802 3116 atque
832 3042 931 3117 aperte
960 3029 1083 3096 dicimus
1111 3030 1176 3123 fieri
1192 3054 1260 3110 non
1282 3055 1371 3120 posse
1395 3047 1431 3100 ut

311 3149 455 3217 diluvium
477 3147 670 3216 Noachanum
694 3151 732 3216 ad
754 3166 852 3219 totum
875 3154 956 3220 orbis
979 3169 1124 3222 terrarum
1147 3160 1315 3244 pertineret.
1352 3157 1430 3226 Nam

309 3288 344 3341 ut
377 3275 467 3342 tradit
501 3276 597 3342 scriba
628 3291 744 3356 noster,
780 3280 897 3367 singula
929 3284 1013 3368 paria
1039 3281 1075 3346 dc
1106 3283 1229 3370 singulis
1258 3284 1430 3350 animalium

308 3401 482 3490 generibus,
514 3424 579 3468 cum
604 3406 776 3470 necessariis
803 3405 961 3484 alimentis,
991 3410 1021 3472 in
1049 3427 1129 3502 arca,
1158 3409 1242 3497 cujus
1269 3410 1427 3498 longitudo

310 3524 413 3604 000,
445 3527 572 3594 latitudo
595 3528 629 3594 L.
654 3542 683 3595 et
712 3529 837 3595 altitudo
861 3529 960 3596 XXX.
991 3530 1160 3598 cubitorum
1190 3533 1343 3614 definitur,
1374 3559 1429 3625 per

310 3650 372 3718 dies
407 3651 446 3716 ad
476 3655 628 3720 minimum
660 3650 724 3720 CX.
755 3655 991 3722 continebantur.
1043 3659 1109 3724 dam
1138 3681 1224 3738 vero,
1260 3672 1295 3725 ut
1322 3663 1429 3750 physi-

309 3799 360 3843 cus
391 3777 510 3866 quidam
539 3779 626 3844 nobis
650 3793 754 3846 auctor
778 3793 837 3859 est,
867 3786 892 3846 si
914 3786 1009 3871 pisces
1033 3797 1063 3848 et
1084 3784 1229 3851 inlusoria
1252 3790 1426 3868 omittimus,

309 3900 479 3971 0001000
492 3953 499 3970 .
512 3903 680 3972 0001000
692 3953 699 3970 .
712 3904 881 3975 0001000
893 3956 900 3972 .
911 3908 1018 3978 ΙοΜΜ
1029 3959 1036 3974 .
1046 3907 1298 3977 ucecexttv.
1315 3918 1427 4001 species

308 4029 476 4096 annualium
499 4030 632 4097 adhunc
648 4031 724 4097 diem
742 4036 944 4100 innotuerunt.
979 4036 1081 4123 ltaque
1100 4007 1197 4103 scriba
1211 4037 1258 4102 illc
1274 4052 1327 4104 aut
1340 4043 1428 4128 ignc-

307 4153 407 4234 rabat,
427 4171 503 4245 quot
516 4179 625 4246 genera
640 4160 808 4226 animalium
822 4163 1012 4240 exsisterent,
1032 4176 1084 4227 aut
1099 4163 1179 4228 aliud
1194 4163 1314 4252 agebat,
1334 4187 1427 4252 quum

307 4293 418 4348 mntem
433 4285 650 4351 multitudinem
665 4287 780 4352 tantillo
797 4288 893 4373 spatio
909 4288 1051 4353 inclusam
1063 4287 1194 4376 fingeret.
1220 4288 1281 4355 Sed
1290 4289 1425 4376 proiecto

307 4407 355 4472 vel
376 4410 467 4510 nimio
493 4415 554 4476 ctio
578 4411 717 4478 abutetur
739 4416 773 4492 is,
800 4417 852 4501 qui
873 4427 986 4482 veteres
1008 4412 1160 4484 Hebraeos
1183 4419 1215 4482 in
1237 4416 1346 4482 scholis
1370 4417 1427 4483 bo-
