3166 5178
710 333 777 386 XIX

638 419 847 430 --—.-.—.

1246 440 1303 478 rao.

184 518 218 571 Hi
236 534 290 572 non
308 533 355 570 sua
372 517 488 586 ipsorum
507 518 602 589 gratia,
622 517 668 571 scd
685 525 790 588 propter
802 518 883 572 Deum
903 535 979 590 quem
996 519 1133 592 apscdyrov
1145 518 1214 575 salu-

218 633 286 689 tant,
305 629 397 678 concta·
416 623 606 695 appellantur.
644 664 649 674 .
688 664 693 675 .
731 665 736 675 .
766 640 771 652 ·
775 664 1213 678 ...........
1250 624 1302 682 231

183 732 213 784 In
233 729 285 783 v.5
304 748 355 784 non
374 730 462 784 Moses
481 747 526 783 nec
545 731 614 783 Deus
634 729 679 784 scd
699 729 806 784 Solomo
826 729 979 804 intelligitur
991 772 1213 784 ......
1250 730 1301 787 231

184 837 344 892 imitationes
363 836 498 891 Dauidicae
516 838 542 890 in
561 836 610 890 fine
630 839 747 890 carminis
772 876 1212 889 ...........
1249 835 1302 894 231

546 1023 583 1080 ΙΝ
605 1022 758 1082 PARTEM
781 1022 942 1082 SEXTAM.

181 1161 252 1214 linae
275 1165 419 1229 postremae
436 1156 571 1212 dasbarani
595 1157 654 1212 libri
675 1167 758 1229 partes
779 1158 941 1212 citationibus
960 1160 1051 1229 partim
1069 1160 1214 1214 innituntur
1249 1157 1301 1216 241

182 1267 297 1320 Historia
317 1264 489 1318 Israelitarum
508 1282 559 1318 non
578 1265 690 1339 mythica
709 1265 754 1318 scd
773 1263 895 1317 mirabilis
904 1303 1211 1318 ........
1248 1264 1303 1320 242

183 1373 250 1426 Tres
270 1371 443 1425 israelitarum
462 1372 584 1425 victoriae
603 1372 716 1425 miranda
736 1371 918 1426 elementorum
939 1389 986 1442 ope
1004 1371 1169 1444 profligatae.
1207 1412 1212 1424 .
1248 1370 1304 1426 242

183 1479 321 1532 Transitus
340 1481 417 1531 maris
435 1478 537 1531 Arabici
558 1479 688 1549 quomodo
708 1478 790 1532 lactus
810 1451 885 1532 wc
903 1516 1212 1530 ........
1248 1475 1302 1532 243

182 1584 338 1638 Proeliatnm
358 1591 398 1637 est
415 1585 480 1637 inter
493 1583 622 1639 israelitas
642 1594 667 1640 et
680 1586 851 1648 Pharaonem,
871 1592 895 1638 et
909 1583 1016 1637 fulmina
1031 1586 1056 1636 in
1068 1585 1225 1656 Aegyptios

216 1693 294 1744 missa
314 1699 375 1744 sunt
381 1729 1211 1743 ....................
1247 1688 1302 1745 244

180 1799 328 1868 Antiquitas
348 1798 475 1851 ovationia
494 1797 633 1865 lliosaicae,
655 1815 719 1869 quae
738 1800 765 1850 in
784 1797 893 1852 solemni
912 1805 987 1850 coetu
1007 1795 1182 1850 decantaretur
1205 1835 1211 1848 .
1247 1794 1301 1852 245

180 1904 331 1974 Explicatur
350 1903 423 1957 locus
442 1903 459 1958 2
473 1903 540 1968 Sam.
554 1904 579 1970 1,
593 1903 628 1958 18
641 1941 1210 1957 ..............
1247 1901 1301 1956 246

181 2011 271 2065 Ovatio
291 2011 403 2064 ldosaica
421 2009 471 2063 luit
489 2013 561 2081 quasi
581 2028 659 2081 paean
678 2013 850 2083 posteriorum
870 2009 1042 2065 israelitarum
1074 2049 1080 2064 .
1118 2050 1124 2062 .
1161 2049 1167 2061 .
1204 2051 1210 2063 .
1247 2008 1301 2063 247

180 2119 242 2172 Loci
262 2117 361 2188 aliquot
379 2117 541 2171 illustrantur
553 2156 1211 2171 ................
1246 2113 1302 2171 248

180 2224 280 2278 Nullam
294 2224 405 2296 prodigii
418 2226 582 2277 astronomici
596 2227 621 2277 in
633 2226 731 2280 dosuae
745 2227 851 2280 victoria
865 2224 1075 2297 significationem
1088 2225 1211 2278 contineri
1247 2221 1300 2278 240

182 2331 294 2386 Scribam
312 2330 524 2397 blasorctbicum,
548 2339 579 2384 nt
597 2331 772 2397 scholiastam,
797 2333 941 2385 citationem
961 2348 1032 2384 snam
1052 2330 1117 2386 male
1135 2330 1210 2384 intel-

216 2437 310 2491 lexisse
336 2476 1210 2492 .....................
1245 2435 1299 2492 250

180 2543 295 2598 Victoria
303 2545 400 2598 Josuac
413 2545 519 2598 aJesaia
533 2561 589 2597 cum
599 2541 704 2596 navidis
716 2540 747 2594 ad
757 2541 943 2618 baal-Praaim
955 2560 1040 2615 pugna
1050 2550 1211 2612 comparatur
1245 2541 1300 2597 250

180 2653 330 2706 Habacucus
350 2651 411 2723 quid
430 2650 560 2704 voluerit?
595 2687 1208 2702 ...............
1246 2647 1298 2705 251

179 2760 204 2814 J.
217 2759 246 2811 0.
258 2757 390 2812 Michaelis
410 2760 560 2812 sententiam
577 2755 725 2828 proferebat
743 2755 899 2828 singularem
942 2795 1208 2809 .......
1244 2754 1299 2811 252

178 2864 310 2936 losephus
330 2874 355 2918 et
374 2865 518 2919 Siracbides
538 2864 600 2936 quid
619 2862 791 2917 intellexerint
813 2902 1210 2916 ..........
1246 2862 1300 2919 252

179 2972 315 3027 Tralatitia
332 2973 506 3042 interpretatio
527 2988 603 3042 mam
622 2972 657 3024 sit
675 2969 785 3024 absurda
812 3008 1210 3024 ..........
1245 2969 1299 3025 253

178 3080 244 3134 Mira
262 3080 449 3132 concionatoris
467 3077 545 3150 Angli
565 3078 709 3146 conjectura
726 3113 1209 3130 ............
1245 3075 1298 3133 253

178 3187 330 3260 Exagitatur
349 3184 496 3256 Gumpacbii
516 3182 651 3255 explicatio
681 3220 1076 3235 ..........
1088 3205 1120 3235 ·.
1158 3223 1163 3236 .
1201 3223 1207 3236 .
1244 3183 1298 3240 253

179 3293 295 3360 Quonam
314 3301 386 3364 pacto
406 3309 504 3347 carmen
517 3291 687 3344 tasharanum
701 3290 731 3344 dc
743 3290 842 3344 bosnae
854 3289 983 3361 triumpho
996 3292 1113 3345 resarciri
1126 3292 1210 3361 possit
1245 3288 1298 3345 255

178 3400 273 3455 Psalmi
287 3399 420 3464 CXXXV,
440 3398 577 3452 CXXXVI
596 3397 670 3463 inde,
689 3405 719 3449 ut
736 3396 846 3461 videtur,
866 3396 966 3450 conflati
986 3436 1208 3449 ......
1244 3395 1297 3452 256

177 3507 260 3562 biulta
279 3523 334 3560 esse
354 3507 379 3559 in
398 3505 463 3558 libro
484 3505 580 3559 Josuac
599 3502 718 3575 perplexa
738 3511 763 3558 et
782 3502 887 3557 confusa
898 3543 1209 3556 ........
1245 3501 1299 3559 257

179 3613 247 3681 Quid
260 3612 388 3668 Arthurus
401 3613 505 3685 Hervey
525 3611 556 3665 de
574 3620 717 3682 temporum
736 3611 835 3664 ratione
853 3612 879 3662 in
897 3608 971 3663 libris
983 3611 1081 3665 dosuae
1097 3609 1209 3665 etdudi-

214 3739 270 3775 cnm
291 3721 408 3774 statuerit
421 3756 1208 3771 ...................
1244 3717 1299 3775 258

176 3827 311 3892 Ebudum,
332 3826 485 3890 Gidconem,
504 3825 641 3896 Jepbtbam
661 3842 770 3879 coaevos
789 3823 870 3878 fuisse
899 3861 1208 3878 ........
1244 3824 1298 3880 259

176 3935 266 3989 Annos
287 3933 417 3987 dumtaxat
436 3931 527 3986 CCXL
545 3934 612 3986 inter
629 3934 737 3986 Josuam
758 3940 783 3985 et
801 3930 908 3985 Saulum
928 3933 1122 3986 intercessisse.
1159 3971 1165 3982 .
1202 3969 1208 3983 .
1244 3929 1298 3986 260

178 4040 259 4095 index
277 4057 360 4094 rerum
380 4049 508 4112 gestarum
529 4039 727 4111 chronologicus
770 4077 1208 4090 ...........
1244 4037 1298 4093 260

178 4147 337 4202 Palaestinae
357 4147 467 4202 conditio
488 4147 535 4201 sub
556 4147 642 4202 Siarae
662 4146 834 4200 dominatione
856 4183 1208 4197 .........
1245 4143 1296 4201 261

177 4253 250 4310 Sisra
272 4263 423 4327 procurator
446 4254 509 4320 tuit,
534 4256 578 4326 qui
602 4256 741 4308 mixtorum
764 4255 895 4339 bominum
914 4253 1069 4323 provinciam
1089 4253 1208 4323 principis

213 4363 315 4418 nomine
334 4362 525 4417 administrabat
552 4401 558 4414 .
585 4383 586 4386 ¹
595 4397 1208 4415 ...............
1244 4356 1297 4414 263
