3152 5160
610 337 738 448 .....9.¹.
752 439 823 450 .,.

89 562 315 621 αω.ΧΧνιι.[εε]
338 549 388 612 Ille
411 561 522 613 autem:
548 547 674 612 »Astarte
697 546 787 612 frater
809 561 880 612 tuus
900 548 1135 615 benedictionem
1155 549 1209 616 tibi
1226 552 1275 616 de-

688 675 826 737 stinatam
848 678 1043 762 praeripuit«

264 815 313 873 [ast
338 798 382 864 lbi
403 799 547 864 exclamat
568 799 699 862 Esavus:
724 797 834 863 »Recte
856 802 948 885 igitur
970 803 1025 864 iste
1048 813 1173 865 vocatur
1187 799 1275 865 Jaco-

688 921 745 986 bus
768 927 787 986 i.
804 946 829 987 c.
851 925 1076 1010 stepplaotator,

339 1049 397 1133 Qui
420 1049 545 1134 mejam
568 1046 615 1111 bis
639 1048 883 1133 supplantaverit.

338 1174 470 1238 Primum
492 1173 565 1237 mibi
588 1175 690 1238 aetatis
713 1176 935 1261 praerogativas
959 1176 1083 1260 eripuit:

338 1299 402 1363 Jam
425 1321 496 1364 vero
521 1297 651 1364 secundo
674 1296 906 1363 benedictionem
928 1319 1021 1364 meam
1045 1302 1228 1387 intercepit«

339 1424 417 1488 Turn
433 1424 472 1488 ad
487 1436 600 1510 patrem
616 1441 791 1488 conversus:
817 1422 1020 1501 »Nullamne«,
1045 1427 1156 1512 inquit,
1183 1426 1273 1490 »mihi

688 1569 808 1634 quoque
824 1546 1057 1612 benedictionem
1075 1549 1272 1614 reservasti?«

262 1689 313 1746 {er}
337 1671 506 1760 Respondit
526 1673 659 1737 lsaacus:
683 1671 942 1736 »Damnationem
965 1677 991 1738 ei
1014 1676 1045 1738 in
1068 1685 1097 1738 tc
1121 1673 1205 1750 dedi,

339 1797 506 1884 Omnesque
529 1797 634 1876 fratres
658 1798 722 1882 ejus
745 1800 771 1860 ei
795 1785 930 1881 subjeci.¹

338 1923 451 1987 Tritico
476 1935 505 1987 et
527 1923 623 1987 mulso
647 1944 714 1987 etun
737 1921 863 1986 suffulsi.

339 2046 408 2112 Tibi
432 2069 502 2134 ergo
527 2047 600 2135 quid
617 2049 680 2134 jam
703 2046 796 2112 lacere
818 2069 959 2133 possum,
983 2050 1023 2112 mi
1045 2047 1127 2112 filit«

263 2187 312 2243 last
339 2172 395 2238 Cui
418 2173 550 2238 Esavus:
582 2171 679 2237 »Num
703 2171 859 2237 dumtaxat
880 2194 1004 2249 unam«,
1029 2175 1140 2259 inquit,
1166 2173 1274 2238 »bene-

688 2296 845 2376 dictionem
869 2295 975 2373 babes,
998 2301 1039 2362 mi
1061 2298 1167 2384 pater?

336 2422 412 2486 Mihi
435 2443 555 2508 quoque
577 2420 651 2487 bene
674 2443 824 2508 precare«
859 2419 954 2486 Simul
970 2419 1068 2486 denuo
1083 2422 1271 2508 lacrymatur.

262 2562 313 2619 [aa]
337 2547 392 2612 His
415 2560 514 2611 motus
538 2549 580 2611 sic
602 2545 667 2610 infit
688 2546 819 2611 Isaacus:

338 2671 444 2736 »Esset
473 2671 625 2759 pinguedo
648 2683 757 2747 terrac,
788 2693 804 2734 c
828 2670 909 2735 coelo
933 2671 1053 2758 largiter
1075 2683 1189 2747 rorata,
1218 2674 1274 2737 crit

687 2793 832 2860 hahitatio
856 2808 917 2860 tua.

264 2935 314 2994 [eol
339 2920 445 2986 Gladio
468 2934 521 2985 tuo
546 2924 643 2998 vives,
667 2933 797 2986 attamen
818 2920 902 2986 fratri
925 2934 978 2986 tuo
1003 2924 1123 2985 servies.

338 3045 399 3112 Sed
415 3059 532 3134 tempus
547 3050 659 3123 veniet,
683 3069 776 3133 quum
791 3046 951 3111 reluctatus
962 3048 1070 3135 jugum
1085 3047 1149 3132 ejus
1166 3069 1181 3111 e
1197 3047 1272 3112 collo

687 3184 741 3236 tuo
765 3175 929 3238 excutias«

338 3293 431 3381 [Tum
444 3295 560 3362 Esavus
576 3295 671 3362 lactus
687 3310 732 3361 est
746 3295 897 3362 Kinnaeus
921 3300 941 3360 i.
957 3319 982 3362 e.
1008 3303 1059 3400 ΓΡ
1075 3293 1153 3390 llll&
1171 3320 1210 3352 =
1228 3301 1274 3362 vir

687 3421 803 3498 bastae,

337 3547 376 3612 Et
398 3558 521 3610 vocatus
545 3561 604 3625 est,
629 3569 705 3626 non,
730 3561 765 3612 ut
788 3559 870 3623 ante,
895 3545 1030 3610 »Esavus
1054 3545 1132 3609 filius
1150 3545 1272 3622 Isaaci«,

159 3687 215 3732 oen.
224 3687 264 3738 Ν,
277 3691 313 3732 1s.
338 3671 398 3738 Sed
423 3672 603 3738 »Lamachus
626 3672 864 3738 Methushelaohi
885 3671 994 3748 filius«,
1020 3683 1144 3737 vocatus
1168 3683 1221 3735 cst.

336 3797 386 3862 llle
408 3801 508 3885 igitur,
534 3819 626 3884 quum
647 3801 742 3884 patris
765 3797 978 3862 consuetudine
1002 3795 1188 3872 descivisset,

156 3874 313 3987 Gddxbbssbll
336 3922 432 3989 Duxit
454 3944 565 3988 uxores
588 3923 708 4007 Aetam,
737 3923 826 3988 liliam
849 3921 952 3986 Elonis
977 3920 1121 3998 Chittaei,
1146 3943 1221 4009 quae
1246 3933 1275 3985 ct

171 4000 280 4048 mlh
293 4005 313 4044 2⁸
687 4047 819 4114 Jedtcta
840 4045 1078 4134 nuncupabatur,

336 4173 375 4238 lit
399 4174 540 4258 Teilloaa,
564 4174 653 4240 filiam
676 4173 759 4242 Anac
784 4172 941 4248 Cbivvaei,
967 4193 1056 4258 quarn
1079 4173 1165 4236 etiam
1190 4168 1273 4234 Olao·

688 4300 835 4364 libamem
857 4295 1053 4384 appellabant.

339 4422 437 4508 Quum
459 4426 551 4510 igitur
573 4422 704 4511 gladium
728 4437 817 4511 atquc
840 4422 956 4487 hastam
977 4433 1082 4487 nactus
1106 4433 1198 4498 esset,
