3152 5160
611 325 823 436 ,ἑζ-

94 552 262 600 ῦω.ΧΧνιΙ,
281 553 316 613 [st
342 538 467 615 avidos,
492 541 531 602 mi
546 538 602 614 lili,
627 559 672 602 me
689 559 787 602 senem
803 559 881 615 esse,
902 539 983 604 etad
999 543 1183 628 incognitum
1199 545 1277 606 vitae

797 662 873 728 diem
895 685 1065 752 properare.

281 805 314 862 [e]
341 789 432 854 Sume
455 791 546 875 igitur
569 801 738 865 armatus,
763 789 932 875 pharetram
955 803 985 854 et
1007 811 1122 868 moram,

338 915 377 979 Et
399 935 506 979 venare
528 911 601 978 mihi
624 934 739 978 carnem
764 913 902 992 lerinam,

280 1055 314 1113 [ct
338 1039 362 1104 Ε
383 1061 442 1127 qua
465 1061 558 1126 quum
581 1037 723 1103 lerculmn
747 1040 835 1118 illud,
861 1063 921 1128 quo
947 1040 1083 1117 delector,
1107 1042 1275 1126 paraveris,

339 1165 467 1252 Appone
497 1165 568 1228 mihi
603 1177 638 1229 ut
669 1165 768 1243 edam,
803 1163 933 1253 tibique,
970 1179 1127 1254 antequam
1156 1169 1274 1242 moriar,

796 1289 997 1357 benedicam«

279 1429 314 1486 [st
338 1415 469 1482 Rebecca
499 1437 570 1479 vero
600 1415 715 1481 audivit
743 1437 791 1494 ea,
823 1437 898 1504 quae
927 1418 1049 1482 maritus
1080 1439 1153 1482 suus
1176 1417 1274 1482 llsavo

794 1554 999 1629 praeceperam

338 1665 436 1749 Quum
460 1645 551 1754 igitur
574 1670 598 1730 is
623 1665 661 1730 ad
684 1665 851 1732 venandum
874 1669 1009 1744 exiisset,
1191 1747 1198 1777 r

279 1807 313 1863 [st
337 1790 480 1856 Jacobum
505 1792 540 1856 de
565 1815 599 1856 ca
621 1815 652 1856 re
676 1796 830 1858 certiorem
853 1792 930 1858 fecit.
1196 1780 1203 1804 l

279 1932 312 1989 te]
338 1917 409 1981 »Tu
434 1937 519 1995 vero,
544 1921 585 1981 mi
607 1918 684 1994 fili«,
709 1922 820 2006 iuquit,
848 1917 1050 2006 »audiatque
1075 1918 1177 1983 obedi:

278 2057 312 2114 [e]
337 2041 386 2108 Ad
408 2065 527 2131 gregem
551 2043 652 2108 abiens
676 2066 789 2110 arcesse
811 2044 884 2108 mihi
905 2043 973 2108 inde
989 2044 1066 2110 duos
1082 2067 1192 2133 eosque
1208 2048 1274 2133 pin·

793 2193 867 2258 gucs
891 2169 1012 2234 haedos.

334 2293 383 2358 llx
405 2293 452 2358 his
477 2306 574 2358 autem
597 2297 675 2380 patri
698 2307 751 2359 tuo
775 2294 919 2360 ferculum
941 2296 1037 2372 istud,
1064 2319 1124 2383 quo
1150 2295 1274 2363 delecta-

793 2432 859 2497 tur,
884 2419 1006 2506 parabo.

261 2558 311 2614 [1⁰]
335 2544 400 2609 Hoc
416 2548 442 2608 ei
458 2567 599 2632 appones,
623 2557 658 2608 ut
672 2543 726 2607 tibi
742 2558 899 2631 antequam
915 2548 1060 2609 moriatur
1074 2545 1148 2612 hene
1165 2546 1272 2610 dicat«

335 2669 464 2735 Jacobus
488 2673 580 2757 igitur
603 2673 689 2734 matri
714 2670 826 2747 attulit,
851 2693 927 2757 quac
946 2672 1092 2756 jusserat3

95 2774 151 2820 ⁶⁶¹¹*
164 2774 311 2894 mulla&
334 2795 386 2860 llla
408 2818 479 2860 vero
503 2795 646 2860 ferculum
669 2799 800 2882 paravit,
826 2818 887 2883 quo
910 2797 1027 2860 lsaacus
1051 2795 1259 2862 delectabatur.

154 2939 242 2982 as-ao.
261 2936 310 2992 [rat
337 2920 435 3006 Quum
459 2935 556 2986 autem
580 2922 618 2986 ad
640 2935 754 3009 patrem
778 2925 948 2987 accessisset
970 2922 1115 3000 Jacobus,
1147 2946 1272 3011 eumque

789 3061 913 3135 paterno
927 3052 1045 3114 nomine
1058 3050 1270 3136 compellasset,

332 3173 382 3236 llle
405 3171 524 3258 quidem
546 3175 755 3261 interrogavit:
781 3173 874 3256 »Quis
898 3187 932 3238 tu
955 3197 1001 3251 es,
1026 3178 1065 3238 mi
1088 3175 1167 3238 filit«

260 3311 309 3367 119]
333 3297 508 3384 Respondet
529 3296 677 3362 Jacobus:
702 3297 786 3386 »Ego
812 3321 877 3362 sum
899 3302 1114 3387 primogenitus
1138 3312 1226 3378 tuus,

333 3423 401 3487 Feci
424 3436 521 3487 autem
544 3426 622 3487 sicut
644 3423 715 3486 mihi
738 3427 922 3512 praecepisti.

331 3548 484 3636 Agedum,
510 3547 592 3624 sede,
617 3561 647 3612 ct
669 3548 788 3613 comede
813 3548 848 3612 de
871 3548 964 3612 ferina
987 3569 1064 3623 mea,

334 3672 373 3738 Ut
395 3696 434 3738 ex
457 3673 545 3737 corde
569 3673 640 3738 mihi
663 3673 852 3738 benedicas«

259 3815 307 3870 μοι
333 3800 428 3864 Porro
452 3799 568 3864 Isaacus
591 3802 725 3888 rogavit:
749 3799 929 3884 »Quomodo
954 3813 1013 3864 tam
1038 3803 1096 3864 cito
1117 3813 1221 3864 nactus
1240 3823 1270 3865 es

789 3923 945 4012 praedam,
969 3929 1009 3988 mi
1031 3926 1115 3990 filiis

333 4048 389 4116 Cui
412 4051 473 4115 ille:
498 4049 596 4135 »Quia
616 4049 688 4114 mihi
704 4053 735 4114 in
749 4072 869 4115 manum
885 4050 1044 4116 adduceret
1058 4050 1173 4116 Jchova
1189 4051 1270 4115 Deus

788 4189 891 4240 tuus«

257 4316 307 4372 [2⁵]
333 4302 411 4366 Tum
433 4316 533 4390 pater:
559 4302 792 4378 »sterilior«,
817 4304 928 4387 inquit,
955 4312 1010 4365 »ut
1029 4299 1178 4366 comedam
1201 4301 1270 4366 leri·
1317 4357 1324 4372 ,

788 4447 856 4490 nam
880 4438 977 4503 tuam,
