3164 5176
825 344 902 418 288

564 557 679 618 »ledem
694 555 777 616 lilann
793 558 838 616 ein
852 557 906 633 Ey,

561 667 631 724 Dem
647 664 783 726 lrommen
798 665 1055 742 Schweppermann
1071 665 1172 724 ταοὶ(

305 808 325 871 i.
342 829 367 870 e.
392 804 486 870 »Date
509 809 541 871 in
563 807 697 895 singulos
718 808 825 873 milites
841 806 958 894 singula
973 827 1045 884 ove3
1071 804 1131 870 duo
1148 817 1246 870 autem
1261 802 1427 869 fortissimo

305 945 409 997 nostro
427 930 745 1020 Schweppermanno.«
782 932 863 1014 Quae
878 931 968 996 verba
984 930 1268 1018 Schweppermanni
1288 931 1427 1018 sepulcro

306 1058 453 1144 insculpta
475 1057 513 1122 ad
535 1058 593 1123 hoe
617 1057 674 1122 diei
696 1058 845 1146 leguntur.
857 1051 878 1138 ¹)
911 1057 951 1121 Et
966 1056 1088 1122 eandem
1109 1056 1235 1144 praedae
1259 1059 1429 1122 auctionem

305 1183 363 1249 hoc
386 1185 452 1248 loco
475 1186 560 1248 innui
583 1181 719 1249 credibile
742 1197 796 1248 est.
845 1181 911 1265 Quo
935 1186 1046 1269 posito,
1071 1205 1179 1247 noram
1202 1183 1249 1247 his
1272 1181 1428 1247 versieulis

305 1309 399 1374 lucem
428 1310 627 1374 conciliamus.
680 1310 778 1386 Duas,
809 1310 921 1396 inquit,
951 1308 993 1372 illi
1023 1311 1075 1396 qui
1103 1303 1248 1393 ἀριστεῖα
1275 1309 1426 1385 meruerit,

306 1438 478 1500 nominatim
502 1434 600 1500 Sisrae
623 1459 704 1513 meo,
728 1435 842 1522 puellas
866 1433 1007 1499 concedet
1029 1437 1186 1500 exercitus.
1233 1432 1295 1499 Sed
1316 1456 1430 1520 appor-

305 1561 382 1626 tabit
402 1574 553 1649 praeterea
576 1560 650 1625 dues
674 1573 771 1626 vestes
793 1583 850 1648 pro
874 1583 904 1625 se
927 1563 994 1648 ipso
1019 1574 1049 1625 et
1071 1559 1145 1625 duas
1168 1583 1224 1648 pro
1241 1573 1333 1624 matre
1357 1558 1427 1624 sue!

306 1687 371 1751 Etsi
404 1687 504 1776 plures
540 1691 708 1768 criticorum
738 1687 800 1774 jam
834 1699 920 1751 antea
947 1698 1147 1773 reposuerunt
1175 1661 1310 1789 ῆᾶλτξῆ
1340 1707 1427 1749 »meo

308 1813 420 1889 collo«,
450 1835 505 1900 pro
536 1825 617 1878 statu
644 1813 752 1900 plurali
775 1824 946 1877 constructo
970 1787 1116 1904 Ἶᾎκᾏξῌ,
1142 1825 1176 1875 ut
1193 1811 1283 1900 vulgo
1307 1811 1427 1898 legitur,

307 1941 416 2002 nemini
437 1952 534 2003 tamon
558 1939 655 2004 adhue
670 1938 814 2015 suboluit,
839 1950 1022 2025 quantopere
1038 1907 1109 2003 llaec
1124 1937 1288 2003 emendatio
1304 1950 1429 2025 propte-

307 2085 357 2128 rea
380 2086 411 2128 sc
434 2065 632 2142 commendet,
663 2063 746 2152 quod
775 2064 836 2129 duo
860 2067 987 2128 vestium
1015 2085 1123 2152 genera
1151 2075 1427 2128 commemorentur.

306 2187 382 2253 Nam
405 2197 484 2296 1523
507 2203 552 2255 est
575 2193 684 2254 »vestis
707 2193 818 2254 murice
847 2190 1013 2267 colorata«,
1044 2189 1124 2277 quali
1151 2188 1276 2254 libenter
1302 2191 1429 2252 amictus

308 2328 386 2380 esset
405 2338 461 2381 rex
483 2315 530 2379 vel
551 2318 721 2402 imperator.
757 2313 818 2380 Sed
840 2321 953 2421 ΠᾩΡἾ
973 2329 1018 2380 est
1040 2318 1152 2380 »vestis
1173 2336 1230 2378 acu
1245 2317 1427 2402 variegata«,

308 2443 409 2529 quales
433 2454 494 2506 arte
518 2440 704 2506 adornabant
732 2455 761 2505 et
789 2445 871 2528 ipsae
894 2440 1036 2529 gerebant
1058 2440 1190 2506 leminee'.
1235 2440 1316 2504 Idem
1338 2461 1430 2503 voca·

307 2566 411 2632 bulum
434 2567 536 2633 eodem
560 2590 649 2632 sensu
679 2590 717 2632 ex
739 2566 868 2631 Arabica
895 2567 999 2653 lingua
1022 2579 1125 2630 mutuo
1150 2579 1341 2654 sumpserunt
1363 2565 1431 2630 Itali

235 2709 238 2716 ’
307 2664 490 2780 Hispanique
513 2693 659 2771 hodierni,
684 2693 765 2780 apud
788 2715 865 2780 quos
887 2693 1042 2757 ricomere
1057 2705 1102 2756 est
1117 2689 1302 2756 ποικίλλειν.
1338 2689 1430 2755 Sido-

308 2822 372 2883 nias
394 2818 530 2884 mulieres
558 2821 590 2883 iu
617 2818 664 2882 his
688 2817 821 2883 vestibus
851 2816 1030 2882 adornandis
1062 2839 1181 2904 operam
1211 2839 1294 2884 suam
1317 2838 1430 2904 ponere

309 2946 411 3009 solitas
433 2965 498 3038 esse
520 2944 567 3009 vel
590 2967 628 3008 ex
649 2944 780 3008 Homero
806 2944 944 3009 discimus
969 2939 1191 3026 (tl.V1,289):

421 3061 502 3153 αὐτοὶ
527 3065 558 3132 δ’
582 3067 614 3145 ἐς
637 3068 793 3153 θάλαμον
817 3066 1015 3155 κατεβήσατο
1039 3069 1191 3155 κηώεντα,

419 3172 491 3242 ἔνθ’
513 3172 591 3240 ἔσαν
613 3172 645 3240 οἳ
667 3175 793 3253 πέπλοι,
817 3175 1020 3259 παμπολκιλα
1048 3179 1151 3260 Ὲέργα
1172 3175 1332 3258 γυναικοῖν

420 3282 587 3361 Σιδονίων,
611 3279 670 3357 τοὶς
693 3278 790 3356 αὐτὸς
808 3278 1024 3368 Ἀλέξανδρος
1046 3281 1200 3371 θεοειδὴς

419 3391 516 3477 ἤγαγε
538 3389 744 3475 Σιδονίηθεν.

385 3577 404 3642 ¹)
424 3574 548 3647 sepulcro
564 3573 802 3646 Schweppermanni
817 3576 843 3628 io
858 3577 1014 3630 monasterio
1030 3573 1191 3643 castellensi,
1206 3577 1232 3629 hi
1248 3591 1340 3632 versus
1355 3575 1430 3630 incisi

310 3684 384 3729 sunt:
483 3675 549 3730 -Ilic
567 3673 613 3728 leit
631 3673 758 3745 bcgraben
775 3673 843 3727 Herc
863 3673 982 3745 Seyfricd
1001 3674 1240 3747 Schweppcrmann,

541 3763 546 3774 ’
573 3771 645 3826 Alles
662 3771 757 3838 ⁴Tbuns
776 3771 830 3824 und
849 3772 974 3827 Wandels
993 3772 1125 3840 lobcsanm

574 3870 623 3924 Ein
641 3869 725 3924 Ritter
741 3870 803 3924 lreclr
822 3870 874 3924 und
893 3870 952 3938 lest,

485 3969 536 4023 Der
554 3969 595 4022 bei
614 3967 805 4023 (lammelsdorf
823 3969 877 4023 und
895 3969 1046 4043 Ampfingcn

486 4069 525 4123 lm
544 4068 638 4124 Streite
656 4070 718 4122 that
735 4071 788 4122 das
805 4072 894 4124 Besst.

573 4166 610 4220 Er
627 4167 663 4220 ist
680 4184 733 4220 nun
751 4166 808 4219 todt

573 4265 637 4319 Dem
656 4264 718 4319 (tote
735 4264 825 4337 gened.

573 4366 672 4419 Jedem
689 4365 780 4419 Mona
799 4367 845 4418 eta
863 4363 907 4430 Ity

574 4465 646 4518 Deae
660 4463 803 4530 frammeo
819 4465 1080 4530 satamon-mooe
1096 4463 1192 4516 zwet-
