3152 5160
670 356 742 430 12⁷
1246 287 1364 451 s

152 565 203 630 nbi
226 565 354 630 secunda
375 588 452 633 uxor
474 565 621 632 inducitur
637 565 819 632 Obola’boma
839 539 1071 672 (Πῷὲἦῃζξ),
1094 567 1153 633 lilia
1174 569 1255 634 Anae

152 691 287 756 Chivvaei
305 686 389 773 (Gen.
396 689 541 768 XXXVI,
558 686 611 773 2),
636 691 804 757 crediderim
825 715 916 758 unmn
936 663 1089 758 dumtaxat
1111 717 1149 760 cx
1169 693 1256 760 llsavi

153 819 260 882 soceris
282 815 445 882 Chittaeum
468 815 570 893 fauisse,
594 817 728 905 illiusque
748 817 850 894 iham,
874 821 932 883 sive
954 820 979 882 is
994 815 1079 884 Elea
1099 822 1159 884 siva
1173 817 1256 886 Beer

152 939 385 1028 nlmcupabatur,
409 963 513 1006 nomen
535 941 692 1007 nobilitatis
712 949 791 1046 njij
812 943 954 1029 aperta,
977 943 1024 1008 vel
1045 949 1165 1038 nillil}
1186 944 1254 1008 lau-

153 1067 262 1132 dabilis
277 1070 415 1154 gessisse3
438 1062 560 1171 mhi?
576 1080 673 1132 autern
695 1067 894 1134 lsmaclitidem
917 1067 1018 1145 brisse3
1042 1080 1070 1131 et
1085 1038 1255 1136 Clrivvaeam

9 1271 10 1290 Ρ
151 1189 358 1264 Obclilnrnom
384 1195 403 1256 i.
422 1214 445 1256 c.
468 1161 627 1261 taramriam
651 1193 772 1276 cacelai,
802 1196 826 1257 si
853 1192 930 1258 aliud
953 1214 1111 1278 cognomen
1143 1193 1254 1272 habuit,

152 1316 323 1403 appellatam
347 1314 436 1382 fuisse
457 1315 581 1383 Tsillarn
602 1321 621 1382 i.
639 1339 663 1382 c.
679 1319 828 1382 cambam.
856 1317 930 1384 Nam
953 1339 990 1386 ex
1012 1330 1106 1384 menta
1128 1321 1255 1405 gentium

152 1441 333 1507 orientalium
355 1445 385 1506 in
406 1463 495 1508 unam
515 1446 662 1508 notionem
686 1443 836 1508 confluunt
849 1445 959 1510 umbro
979 1456 1008 1510 et
1022 1445 1182 1510 tentorium
1196 1446 1256 1510 sive

151 1557 272 1648 domiin,
297 1589 372 1654 quae
397 1567 517 1632 tutelam
544 1566 581 1632 ab
604 1579 687 1633 aestu
711 1571 862 1634 ministrat.
907 1569 950 1633 lta
970 1543 1082 1672 ἢξῌη
1105 1581 1149 1634 est
1173 1569 1256 1636 toan

12 1775 16 1788 Ι
150 1692 310 1756 umbrosam
333 1694 409 1756 sicut
421 1692 650 1757 tabernaclum
666 1715 704 1757 ec
718 1692 887 1779 frondibus
901 1690 1042 1780 factam
1066 1663 1095 1758 ct
1115 1694 1254 1782 hospitas,

9 1797 10 1800 Ἴ
151 1819 200 1904 qui
227 1816 371 1903 pracsidio
398 1816 503 1882 domus
527 1818 635 1884 ahenea
661 1831 803 1894 utuntur,
825 1817 960 1882 dicunmr
986 1840 1048 1884 esse
1069 1820 1124 1884 aab
1143 1819 1255 1884 mura

10 1953 11 1958 ’
151 1914 255 2033 (hilii)
278 1945 347 2006 tecti
370 1938 454 2024 (Gen.
461 1941 542 2019 XIX,
559 1938 607 2025 8).
637 1942 670 2009 Si
691 1946 780 2030 igitrrr
800 1943 873 2008 duaa
895 1946 1005 2029 priores
1025 1943 1111 2008 Esavi
1132 1965 1255 2032 sponsae

150 2035 309 2132 Adosive
331 2061 492 2148 Jebuditb',
523 2080 551 2132 et
580 2068 675 2134 Tailln
702 2072 761 2133 sive
785 2067 968 2136 Otota'cama
985 2070 1154 2155 appellatae
1175 2082 1253 2148 sunt,

149 2190 310 2256 Lamachus
336 2191 397 2267 ille,
422 2195 471 2280 qui
497 2195 527 2256 in
549 2191 664 2258 duabus
690 2195 863 2280 genealogiis
890 2195 998 2260 nullam
1025 2196 1122 2260 sedern
1148 2195 1255 2260 habere

9 2325 11 2352 ³
149 2327 261 2402 potest,
284 2315 318 2379 fic
340 2315 433 2386 saltim
454 2316 550 2382 Esavo
573 2311 767 2405 ὁμόσπορος,
789 2321 835 2383 vel
858 2319 1012 2384 canendam
1039 2341 1167 2385 uxorum
1191 2341 1253 2384 ma·

149 2444 232 2507 murs.
279 2438 340 2504 Sed
365 2441 478 2509 Esavus
505 2441 601 2528 gladio
630 2465 684 2507 suo
705 2442 836 2520 vivebat,
866 2456 894 2508 ct
920 2442 1082 2510 hamachus
1109 2443 1164 2509 suit
1189 2444 1253 2510 Me·

148 2565 332 2633 thushelachi
352 2564 438 2643 filius,
462 2567 508 2630 vel
529 2579 641 2654 patrem
663 2567 765 2632 habuit
781 2544 944 2662 llhldlinn
960 2571 978 2630 i.
996 2590 1019 2632 c.
1036 2570 1136 2632 cirum
1149 2568 1254 2634 bastae

148 2693 166 2754 i.
183 2713 211 2778 q.
228 2689 363 2754 Mortem
380 2690 551 2770 Quirinum.
598 2690 721 2768 Scilicet,
745 2691 817 2756 illud
839 2662 908 2768 erat,
933 2663 1090 2759 secundum
1105 2692 1253 2758 Hebraeo·

10 2857 15 2882 r
149 2835 214 2880 rum
248 2785 415 2891 dictionem,
445 2819 513 2880 satis
549 2829 649 2903 aptum
682 2839 842 2904 cognomen
872 2820 926 2882 viri
958 2819 1073 2884 mihtiae
1104 2818 1193 2884 dediti
1226 2831 1254 2886 et

149 2939 233 3006 hasta
260 2961 313 3004 sua
338 2943 447 3008 victvam
474 2942 674 3028 quaeritantis3
706 2965 774 3006 nam
801 2944 843 3040 p?
870 2965 956 3030 saepe
986 2943 1057 3008 nihil
1090 2944 1168 3010 ahud
1199 2957 1252 3021 est,

10 3075 11 3084 ’
149 3087 235 3154 quarn
262 3064 437 3132 vocabalum
464 3077 568 3130 notms
596 3067 743 3132 almnnum
770 3079 800 3132 et
825 3067 1018 3153 professorem
1045 3070 1167 3156 alicujus
1192 3074 1251 3134 vir·

147 3193 233 3267 tutis,
257 3193 331 3267 vitii,
355 3195 440 3266 artis,
465 3203 588 3278 atquae
616 3203 684 3256 sunt
712 3193 820 3256 similia
856 3181 910 3258 'lta
931 3167 1066 3298 blm?
1088 3198 1107 3260 i.
1124 3218 1148 3259 e.
1163 3195 1254 3285 filiae

146 3315 266 3382 roboria
289 3328 333 3379 cst
355 3315 489 3382 bellator.
527 3315 566 3380 llt
581 3317 671 3406 filine
692 3316 890 3384 ciri-bacterii
908 3318 1045 3383 denotare
1066 3331 1164 3405 potest
1178 3319 1251 3386 Esa-

147 3463 216 3504 vnm
245 3462 357 3527 semper
378 3439 531 3504 bellantem
559 3452 588 3508 ct
612 3441 807 3528 praedantem.
852 3439 1018 3517 Praeterea,
1042 3445 1178 3528 quoniam
1200 3447 1252 3544 ΡΡ

10 3585 11 3588 ’
147 3563 260 3632 hastam
283 3566 415 3642 denotat,
439 3563 599 3630 Lamachus
621 3589 680 3632 non
702 3566 789 3632 modo
811 3567 887 3631 iilius
909 3565 1016 3632 hastati
1038 3566 1175 3652 appellari
1195 3588 1251 3652 po-

147 3692 211 3766 tuit,
237 3689 288 3754 scd
311 3693 395 3754 etiarn
419 3696 469 3793 ΓΡ
493 3687 568 3785 till&
590 3691 679 3756 domo
702 3690 808 3758 doctae
829 3692 874 3758 vel
896 3697 947 3795 ΡΡ
969 3691 1010 3796 Ῐξ
1025 3692 1115 3781 filice
1136 3691 1251 3774 bactee,

10 3893 12 3914 Ι
147 3813 223 3880 unde
245 3815 291 3880 illc
316 3816 397 3880 locus
423 3818 497 3880 inter
518 3829 651 3902 posteros
676 3816 778 3896 Qotot.
822 3816 935 3884 Nomen
957 3790 1038 3923 pp&
1061 3839 1098 3883 cx
1119 3816 1252 3884 Hebraeo

12 3993 13 4008 ,
148 3961 277 4006 sermone
300 3941 439 4027 cxphcari
460 3963 522 4006 uon
546 3953 652 4028 potest.
697 3941 837 4008 llwaldus
861 3945 901 4006 ait
922 3937 1045 4024 (Gesch.
1069 3941 1119 4006 des
1142 3942 1251 4008 Volhee

12 4053 13 4128 3
145 4065 232 4130 nno
246 4066 268 4143 1,
290 4061 382 4147 moa
405 4065 470 4132 »cn
484 4065 609 4135 wurzu
624 4040 713 4165 aab,
737 4069 767 4130 n
789 4066 846 4132 aen
867 4067 1086 4154 gewohnliahen
1102 4065 1251 4153 spinum

11 4257 12 4262 ,
144 4189 404 4278 ungebr'aiuchhoh,
436 4190 514 4256 inuis
546 4193 599 4256 mit
626 4172 689 4268 hl,
714 4179 816 4274 pah,
846 4200 930 4295 ''an
960 4191 1249 4278 zmammenhangen,

133 4316 254 4380 'welche
283 4316 338 4380 alle
367 4319 413 4380 ein
434 4315 584 4403 llrgreisan
608 4315 670 4380 und
691 4315 814 4380 Rauben
840 4317 1047 4382 ausdriichan.«
1083 4315 1163 4381 Haec
1185 4329 1250 4404 ety-

147 4441 273 4528 mologia
301 4463 366 4506 cum
388 4439 484 4506 Esavo
508 4444 614 4528 optime
641 4452 826 4530 congrueret,
850 4447 878 4506 ct
905 4441 1082 4508 satisfaceret
1107 4442 1251 4530 plerisque

147 4567 187 4628 rei
208 4567 300 4652 ipsius
324 4565 545 4630 conditionibus.
591 4565 651 4630 Sed
673 4579 735 4631 tota
758 4587 846 4632 carisa
869 4580 1035 4653 perspecta,
1058 4567 1142 4632 aham
1164 4570 1248 4642 viarm
