3166 5178
846 315 897 389 20

697 587 958 666 CAPITULUM
984 585 1042 664 lV.

310 744 436 816 Librum,
458 745 506 820 qui
525 743 634 802 Joslror
656 755 848 821 nuncupatur,
869 742 977 800 Veteris
998 741 1184 814 Testamenti,
1207 740 1299 818 quoad
1318 741 1430 816 pietatis

370 870 512 923 normam,
540 851 722 928 archetypum
748 849 848 922 luisse,
876 847 919 907 vel
948 866 982 906 ex
1006 850 1066 924 ipsa
1086 849 1206 906 nominis
1227 847 1430 924 significatione

371 959 456 1015 statui
476 968 577 1034 potest.

397 1149 423 1213 ll
445 1148 522 1213 libro
537 1147 703 1212 dasharano
728 1147 805 1214 duos
827 1146 1015 1212 solummodo
1032 1147 1115 1211 locos
1131 1148 1162 1211 in
1178 1143 1270 1211 Sacro
1287 1157 1430 1212 contextu

310 1274 417 1338 electos
440 1275 673 1360 nominatimque
695 1272 832 1337 laudatos
856 1271 1008 1336 babemus.
1030 1308 1066 1320 -
1093 1268 1191 1335 Unum
1208 1271 1360 1347 videlicet,
1385 1281 1431 1334 at·

310 1419 367 1485 que
396 1396 478 1462 illum
501 1396 585 1462 brevi
609 1410 752 1484 quattuor
774 1397 988 1462 versiculorum
1010 1399 1151 1484 pericopa
1174 1396 1428 1483 comprehensum,

309 1525 340 1586 in
363 1521 440 1586 libro
464 1521 574 1586 Josuae
597 1517 653 1605 (X,
675 1517 743 1606 13),
767 1521 820 1586 ubi
843 1525 967 1587 victoria
989 1522 1054 1599 illa,
1080 1543 1168 1608 quam
1185 1519 1317 1587 Gibeone
1337 1521 1430 1586 lsrae-

308 1648 376 1738 litae
392 1645 598 1734 reportabant,
624 1649 731 1713 veteris
748 1650 852 1713 cantici
873 1670 930 1735 cpc
954 1660 1214 1724 commemoratum
1247 1683 1279 1694 -
1305 1646 1429 1710 alterum

308 1771 485 1838 insecundo
502 1771 578 1836 libro
597 1770 742 1836 Samuelis
759 1766 798 1854 (l,
819 1771 860 1838 18
875 1770 970 1860 sqq),
989 1771 1042 1836 ubi
1056 1771 1284 1858 pulcherrimam
1298 1771 1377 1834 illam
1393 1768 1429 1834 dc

196 1897 199 1910 '
310 1896 402 1962 Saule
426 1909 456 1960 et
470 1895 637 1960 Jonathane
660 1901 794 1961 naeniam
818 1886 985 1984 excerptam
1000 1896 1153 1961 habemus
1189 1894 1355 1981 Utrobique
1370 1893 1429 1958 lere

310 2020 430 2086 eandem
452 2021 576 2108 legimus
601 2024 782 2086 citationem
806 2019 907 2093 'tdlli'l
929 2026 1023 2093 ‘ibo'
1007 1995 1075 2094 ’ΠΡ
1095 2025 1224 2094 mim
1241 2026 1328 2113 ΠἾΠ·
1314 1998 1427 2124 libii,

308 2168 410 2209 nonne
440 2143 498 2210 lcoc
525 2147 675 2231 scriptum
703 2148 806 2211 estin
834 2147 911 2211 libro
940 2103 1078 2212 Jbstart
1105 2101 1181 2210 vel'
1181 2139 1331 2238 ’ΞΠΞΠ
1363 2165 1430 2210 cecc

309 2271 458 2356 sciptum
481 2280 525 2334 est
547 2283 601 2334 etc.
647 2270 722 2335 Nam
746 2245 850 2376 ΝΠΠ
878 2275 999 2358 proprie
1025 2267 1148 2335 accone?
1175 2268 1244 2334 lacit
1272 2270 1311 2333 ad
1335 2282 1429 2334 atten-

308 2398 419 2460 tionem
450 2394 649 2473 excitandam,
680 2409 715 2460 ut
743 2402 816 2490 ΠΞΠ
848 2397 935 2461 ecce!
962 2419 1018 2484 pro
1049 2417 1109 2484 quo
1138 2369 1223 2487 ΝΠΠ
1250 2394 1331 2458 haud
1359 2416 1427 2458 raro

307 2523 432 2607 ponitur
445 2524 617 2608 praesertim
632 2524 663 2585 in
680 2519 898 2587 Chronicorum
913 2521 1016 2586 libris«
1041 2490 1260 2602 (Rosenmir'llcr
1275 2518 1313 2584 ad
1328 2520 1347 2583 l.
1363 2518 1427 2584 Jcs.

307 2642 444 2733 p.173).
493 2644 551 2728 Qui
574 2645 647 2711 liber
671 2648 766 2734 qualis
789 2647 893 2724 luerit,
924 2649 949 2709 si
973 2649 1040 2734 quis
1065 2657 1199 2732 quaeret,
1223 2644 1306 2709 facile
1328 2665 1429 2710 recen·

308 2769 384 2834 sebit
411 2771 503 2834 multa
525 2769 707 2834 ludaeorum
738 2784 769 2834 et
792 2769 1029 2836 Christianorum
1057 2770 1205 2857 figmenta.
1250 2770 1329 2834 Inter
1352 2789 1428 2856 quae

307 2897 465 2982 praecipue
492 2894 604 2980 placuit
631 2895 766 2960 Lowtbii
796 2898 980 2983 conjectura,
1017 2898 1069 2982 qui
1099 2894 1279 2983 opinabatur
1304 2892 1427 2960 Librum

308 3018 426 3085 Jastcr
454 3019 544 3084 fuisse
574 3019 721 3106 »aliquam
751 3019 894 3108 Syllogen
919 3019 1109 3086 Canticorum
1132 3020 1308 3097 Sacrorum,
1337 3021 1426 3083 variis

309 3143 345 3208 de
372 3143 461 3209 rebus
491 3157 520 3210 et
549 3141 674 3209 diversis’
696 3145 882 3233 temporibus
907 3145 1109 3224 conditorum,
1139 3167 1265 3233 eumque
1286 3143 1426 3208 habuisse

308 3269 443 3334 Titulum
474 3293 511 3334 ex
540 3293 574 3336 eo
605 3271 688 3357 quod
717 3284 746 3336 et
772 3273 836 3358 ipsc
865 3271 940 3336 liber
962 3284 991 3335 ct
1014 3272 1130 3358 singula
1152 3272 1292 3358 pleraque
1316 3273 1427 3334 cantica

307 3417 374 3460 cum
389 3417 461 3461 voce
477 3399 565 3468 'tutu
587 3399 767 3483 inciperent«
794 3389 845 3477 (dc
867 3419 958 3461 sacra
971 3398 1062 3482 poesi
1076 3394 1291 3508 Hebraeorum
1312 3418 1343 3482 p.
1360 3392 1425 3460 229
1467 3409 1478 3437 ⁸

306 3516 395 3603 not).
432 3519 522 3603 Quod
544 3520 641 3598 addit,
666 3523 697 3584 in
715 3521 817 3586 cadem
834 3523 974 3607 opinione
990 3520 1080 3584 luisse
1096 3534 1222 3587 veterem
1237 3524 1426 3608 interpretem

307 3644 436 3731 Syrum,
461 3645 492 3708 id
514 3667 620 3732 parum
644 3645 786 3733 ponderis
809 3645 917 3710 habere
941 3648 1012 3709 satis
1037 3644 1167 3710 ostendit
1181 3646 1308 3732 llgenius
1331 3644 1426 3710 aRo-

307 3769 482 3834 senmiillero
507 3773 614 3835 citatus
639 3765 681 3853 (u.
699 3792 723 3834 s.
743 3792 773 3856 p.
793 3765 879 3852 174).
914 3768 1060 3856 Equidem
1084 3773 1183 3834 omnia
1204 3770 1261 3834 alia
1282 3773 1426 3856 interpre-

305 3906 435 3958 tamenta
465 3895 645 3960 confidenter
668 3894 791 3980 abjicio,
823 3897 933 3981 quippe
958 3897 1010 3983 qui
1031 3898 1116 3960 unice
1141 3917 1237 3961 veram
1261 3898 1425 3960 existimem

306 4017 385 4082 illam
413 4020 493 4084 tituli
521 4019 748 4106 explicationem
778 4039 866 4104 quarn
894 4020 926 4081 in
955 4039 1010 4083 suo
1036 4019 1192 4084 Thesauro
1220 4020 1346 4107 protulit
1367 4022 1422 4096 vir,

307 4141 377 4207 dum
401 4146 488 4208 vivus
511 4141 582 4220 luit,
614 4165 729 4207 summa
743 4141 902 4216 ,doctrinae
925 4155 1014 4230 atque
1037 4146 1146 4232 ingenii
1168 4145 1254 4210 laude
1276 4143 1425 4209 florentis-

306 4270 413 4344 simus,
438 4271 549 4354 quique
572 4271 601 4330 in
626 4268 672 4331 his
696 4268 800 4332 litteris
819 4266 901 4331 lacile
918 4272 1116 4356 principatum
1134 4268 1277 4346 obtinuit,
1304 4267 1424 4334 Guiliel·

305 4411 371 4456 mus
395 4391 557 4457 Gesenius:
579 4415 647 4457 nam
670 4395 712 4458 sic
735 4396 776 4458 ait
799 4386 841 4480 (p.
859 4388 951 4474 titt:
975 4399 1098 4498 »ἾΠξΠ
1120 4399 1211 4499 ἾΠΠ,
1235 4395 1312 4462 liber
1328 4395 1425 4482 probi
