3172 5186
716 355 719 362 ·
831 313 907 388 386

315 526 396 594 tibus
418 477 562 602 subsistit,
577 524 715 590 Xisutbri
739 537 835 590 autern
853 527 973 590 comites
989 523 1171 612 Babylonem
1194 526 1319 592 redeunt
1333 523 1426 614 (Syn-

317 653 404 716 collus
428 675 459 738 p.
474 648 519 714 30
534 649 571 714 A.
596 648 709 714 Berosa'
729 648 920 736 Fraqmento
940 673 971 737 p.
991 647 1065 716 501.
1094 649 1240 732 Miller),
1270 655 1311 716 ite
1334 673 1424 739 quum

315 775 427 842 Noacbi
450 794 517 840 arce
542 795 633 862 super
659 773 761 839 iisdem
784 774 939 842 Armeniae
968 774 1119 840 montibus
1146 778 1352 862 requievisset,
1376 799 1426 842 so·

314 901 396 966 boles
420 901 483 986 ejus
507 903 536 964 in
560 898 741 984 Babyloniae
770 902 879 985 eampis
903 897 1146 988 congregabatur.
1185 899 1340 966 Praeterea
1362 904 1424 988 ipso

315 1037 485 1092 eventorum
502 1024 577 1090 ordo
594 1023 718 1090 solarem
742 1046 861 1104 aunum,
886 1036 996 1112 septem
1019 1027 1140 1112 triginta
1155 1023 1267 1092 dierum
1290 1037 1319 1089 et
1340 1027 1424 1112 quin·

315 1173 371 1240 que
393 1152 513 1238 triginta
537 1151 624 1213 unius
642 1148 753 1214 dierum
769 1172 882 1216 menses
898 1148 1145 1234 complectentem,
1162 1152 1283 1216 innuere
1299 1150 1423 1216 videtur.

314 1277 407 1364 Atqui
429 1297 523 1340 annus
541 1276 596 1337 iste
616 1273 719 1338 scleris
735 1296 752 1337 a
766 1271 973 1340 Nabonassere
993 1273 1122 1351 demum,
1138 1272 1422 1350 A.C.I)CCXLVll,

314 1404 467 1466 institutus
495 1410 548 1463 cst.
595 1395 655 1463 Sed
683 1401 724 1462 ita
751 1397 915 1463 Xisutbrus
945 1402 975 1464 in
998 1398 1152 1464 Annaeum
1179 1399 1224 1464 vel
1248 1397 1424 1465 Chanolrum

315 1528 433 1603 transit,
459 1546 544 1612 quem
567 1522 666 1588 ferunt
695 1526 819 1610 primum
849 1527 1059 1588 astronomiam
1083 1524 1352 1611 arithmeticamque
1379 1525 1423 1587 in·

314 1654 428 1717 venisse
451 1647 571 1730 (Euseb.
587 1644 829 1735 PraepEouop.
845 1648 896 1726 lX,
913 1647 963 1715 17.
987 1647 1226 1726 Htse.Eeet.th,
1243 1648 1296 1728 32,
1315 1672 1346 1736 p.
1359 1645 1423 1713 423

313 1769 495 1854 Heinicben).
542 1771 580 1836 llt
603 1769 765 1837 Chanolrus
789 1773 905 1860 quidem
934 1786 967 1838 ut
995 1778 1107 1862 primus
1133 1774 1276 1840 librorum
1299 1777 1425 1861 scriptor

315 1896 593 1983 (nathanaetem.
610 1921 639 1984 p.
653 1894 730 1977 539)
747 1919 812 1962 cnm
827 1897 974 1964 Xisuthro
991 1903 1137 1976 convenit,
1161 1901 1246 1987 cujus
1268 1897 1335 1964 libri
1358 1911 1424 1963 ante

251 2060 253 2064 v
315 2027 457 2091 diluvium
479 2022 553 2087 illud
575 2021 787 2107 Babylonicum
811 2025 841 2086 in
860 2021 940 2088 Solis
964 2023 1036 2089 urbe
1052 2022 1187 2112 Sipparis
1210 2025 1321 2090 conditi
1344 2037 1425 2091 erant

314 2148 481 2237 (Synccllus
498 2168 526 2212 u.
541 2144 588 2228 s).
618 2145 739 2222 Deinde,
756 2146 838 2234 quod
854 2147 890 2212 de
907 2146 1052 2214 Chauolro
1068 2149 1194 2214 traditur
1209 2146 1300 2229 (Geir.
1308 2149 1345 2225 V,
1358 2145 1422 2230 24),

315 2293 399 2342 neum
421 2296 490 2338 non.
507 2274 693 2360 apparuisse,
718 2274 788 2359 quia
811 2271 965 2339 abstulerit
987 2297 1052 2340 eum
1076 2275 1187 2351 Dens«,
1212 2274 1287 2340 idem
1312 2274 1349 2340 de
1369 2275 1424 2340 Xi-

314 2401 418 2466 sutbro
435 2398 570 2473 traditur,
587 2419 690 2485 nempe
705 2419 781 2475 eum,
799 2419 888 2484 quum
911 2399 1087 2466 escendisset
1102 2421 1167 2465 cum
1191 2420 1285 2465 uxore
1307 2399 1424 2488 liliaque

316 2549 373 2592 noa
389 2538 418 2590 et
432 2527 516 2590 navis
532 2522 700 2600 architecto,
719 2523 875 2602 γενέσθαι
888 2519 967 2607 pecti
984 2523 1047 2590 cdv
1062 2519 1225 2609 ἐκβάντων
1238 2524 1295 2590 τοῦ
1310 2523 1425 2592 uiolae

189 2691 191 2695 -
314 2645 427 2738 ἀφανῆ
449 2646 596 2736 (Syncell.
613 2669 642 2712 u.
659 2645 707 2728 s).
744 2648 985 2716 Astronomicum
1015 2673 1078 2715 esse
1100 2671 1254 2716 numerum
1280 2673 1424 2717 annorum

315 2773 474 2844 CCCLXV
492 2771 637 2839 Chanolro
654 2771 796 2838 tributum
813 2769 904 2854 (Gen.
911 2774 948 2849 V,
966 2772 1022 2854 23)
1046 2774 1184 2841 viderunt
1196 2775 1338 2842 blwuldus
1362 2777 1425 2842 clii·

313 2923 370 2990 que
390 2898 539 2988 permulti.
584 2897 776 2986 Eundemque
799 2881 865 2964 cum
888 2898 1011 2977 diluvio,
1035 2900 1118 2987 quod
1141 2903 1315 2966 vaticinatus
1338 2915 1423 2978 esset,

313 3023 532 3114 quodammodo
560 3023 744 3089 internexnm
768 3046 846 3100 csse,
871 3027 941 3089 satis
965 3037 1046 3111 patet
1068 3047 1105 3090 ex
1127 3026 1294 3113 Lycaonica
1318 3027 1366 3092 illa
1388 3027 1423 3093 do

312 3152 434 3219 Auum
470 3147 644 3225 traditione,
680 3169 767 3236 quam
801 3162 1009 3215 commemoret
1041 3147 1211 3237 Stephanus
1239 3151 1423 3240 Byzantinus

312 3272 350 3358 (s.
365 3269 545 3355 niedseor).
560 3271 676 3338 -Omnia
698 3277 754 3340 ista
776 3277 807 3339 iu
830 3297 891 3340 uno
906 3273 1029 3342 Noacho
1047 3279 1238 3352 consentient,
1262 3280 1288 3340 si
1310 3299 1424 3344 mecum

312 3404 449 3480 statueris
471 3395 663 3466 Pentateuchi
686 3401 841 3478 editorem,
866 3422 957 3488 quum
979 3401 1170 3467 lesharanurn
1194 3401 1270 3466 illam
1294 3404 1330 3469 de
1352 3425 1425 3492 pro·

313 3531 400 3592 missa
422 3525 510 3614 probi
531 3525 636 3614 populi
659 3528 689 3590 iu
712 3537 811 3592 monte
834 3525 935 3591 Zionis
959 3529 1060 3614 requie
1082 3527 1249 3616 allegoriam
1272 3529 1311 3594 ad
1331 3529 1424 3596 Xisu·

312 3653 371 3718 tbri
395 3652 439 3718 vel
461 3651 575 3717 Annaei
604 3651 746 3717 diluvium
776 3650 994 3717 accommodare
1018 3652 1119 3730 vellet,
1151 3675 1257 3720 nomen
1285 3645 1349 3744 [til
1378 3656 1423 3722 vel

312 3778 434 3844 articulo
459 3777 590 3865 praefixo
614 3768 703 3867 [tien
725 3772 822 3858 (uude
835 3773 1051 3860 Ἀν-νακος),
1077 3781 1244 3866 »quietem«
1268 3777 1422 3859 denotans,

162 3959 168 3972 .
312 3925 377 3970 cum
400 3906 518 3970 nomine
541 3895 642 4009 qim,
667 3907 686 3967 i.
703 3925 728 3968 e.
746 3904 931 3967 ›initiatum‹
952 3898 1000 3984 (cl.
1017 3925 1108 3990 sopra
1130 3927 1160 3991 p.
1176 3901 1251 3986 144)
1274 3879 1423 3992 permuta·

311 4034 404 4110 visse;
429 4043 457 4095 et
480 4050 570 4117 quum
593 4032 624 4094 in
645 4025 777 4106 Noacbo,
803 4049 889 4116 qoem
912 4028 1138 4094 utXisuthrum
1160 4029 1241 4094 illum
1264 4032 1295 4094 in
1317 4051 1424 4118 genea-

310 4156 388 4245 logia
411 4168 527 4244 patrum
551 4153 693 4219 decimum
719 4152 865 4241 ponebat,
889 4154 1011 4222 alterum
1034 4157 1148 4243 geneda
1178 4155 1298 4221 burnaui
1321 4156 1422 4222 condi·

310 4294 402 4348 torem
430 4292 615 4370 agnosceret,
639 4280 724 4345 uliam
753 4302 947 4369 personarum
977 4280 1179 4347 confusionem
1208 4285 1321 4370 peperit
1344 4303 1423 4348 com·

311 4410 429 4473 mutetis
458 4411 532 4474 inter
562 4428 593 4472 se
615 4398 704 4500 [tien
726 4408 770 4472 vel
794 4399 884 4516 ψῃ
907 4421 936 4474 et
957 4399 1099 4515 blliqtp'l,
1124 4411 1143 4473 i.
1160 4429 1186 4474 e.
1206 4407 1313 4486 bomo,
1337 4409 1421 4496 cujus
