3152 5160
675 396 748 468 105

145 603 297 672 Jaotttioe
312 601 420 712 (ΡἩ)
443 605 576 694 idemque
597 628 652 672 rex
665 605 759 672 Paeo
775 581 913 711 (Ulbssl)
938 620 1027 686 esset,
1051 607 1141 676 baisse
1157 607 1267 676 Christi

145 734 244 818 ipsius
270 735 396 820 mystico
418 732 545 820 quodam
572 753 661 796 sensu
690 744 916 811 antecessorem,
940 745 970 799 et
996 746 1142 820 spectasse
1168 733 1206 800 ad
1234 756 1268 800 ea

144 869 298 943 tempora,
323 857 430 945 quibus
451 855 580 922 laertia
608 871 637 923 et
660 858 733 924 Poe
760 881 791 924 se
818 861 940 924 invicem
966 859 1155 945 amplexurae
1185 870 1268 924 munt

146 977 219 1064 (Pe.
236 981 388 1060 LXXXV,
411 979 479 1064 11).
526 981 590 1048 Hoc
618 1005 707 1050 sensu
729 981 870 1061 Shemus,
898 995 933 1050 ut
961 986 1007 1048 cui
1035 995 1095 1050 mm
1123 983 1267 1050 excellens

143 1107 312 1175 benedictio
336 1107 505 1194 obtigisset,
527 1130 588 1176 uon
616 1109 703 1196 louge
725 1107 762 1174 ab
786 1109 888 1174 eodem
915 1109 1053 1196 symbolo
1076 1108 1264 1188 abhorrebat,

145 1245 181 1298 et
202 1255 257 1296 sua
283 1253 408 1320 persona
436 1233 683 1320 complectebatur
705 1247 860 1300 venenum
887 1234 969 1323 illum
990 1232 1136 1302 mettas
1156 1233 1266 1302 Paeo·

145 1379 209 1448 que
231 1359 442 1424 conciliatorem
465 1369 495 1424 et
517 1371 708 1446 sequestrm

385 1649 429 1718 lN
464 1649 760 1722 uuluuuurttu
796 1649 1032 1721 SECUNDUM.

238 1857 443 1925 Veneraudum
461 1858 562 1926 Shemi
583 1882 689 1928 nomen
712 1885 729 1926 a
751 1864 846 1948 primo
869 1859 907 1926 ad
929 1859 1090 1927 secuudum
1104 1859 1263 1946 Fragmen-

144 1999 212 2052 tum
234 1989 388 2050 transitum
416 1985 577 2072 praebebit
623 1987 699 2054 Nam
727 1991 751 2052 si
775 2009 813 2052 ex
833 1987 1012 2074 etymologia
1034 1989 1114 2052 vocis
1144 1998 1266 2074 apparet

145 2132 255 2175 nomeu
275 2109 378 2176 Hodel
398 2111 435 2175 ad
457 2115 580 2197 primam
601 2117 746 2178 nascentis
768 2111 924 2188 Semitismi
943 2111 1100 2180 Ecclesiam
1123 2123 1264 2198 spectare,

146 2234 186 2301 ad
207 2235 322 2300 fidelem
344 2235 425 2302 illum
445 2235 607 2302 Abrahami
629 2251 754 2315 coetum,
779 2241 829 2326 qui
850 2241 962 2326 primus
985 2237 1124 2304 sacrificia
1137 2235 1265 2306 lehovae

146 2373 233 2447 grata
255 2373 284 2425 et
305 2373 424 2448 accepta
446 2361 567 2440 obtulit,
591 2363 630 2428 ad
656 2366 737 2428 initia
758 2364 835 2428 illius
857 2366 966 2448 gentis,
991 2383 1079 2448 quam
1100 2361 1181 2426 Deus
1210 2361 1265 2428 sibi

148 2499 287 2574 tanquam
310 2491 460 2574 propriam
475 2488 641 2566 vindicavit,
665 2500 780 2554 constat
801 2509 862 2552 nou
875 2486 1032 2563 Adamum,
1056 2509 1147 2576 aquo
1163 2508 1266 2584 omues¹

147 2617 279 2683 nationes
308 2615 448 2700 originem
485 2635 568 2678 suam
596 2625 766 2689 traxertmt,
801 2611 854 2678 sed
881 2609 1037 2688 Shemum,
1066 2603 1116 2700 qui
1142 2623 1265 2680 vocatur

147 2741 282 2824 »genitor
310 2741 438 2802 omnium
465 2738 591 2804 filiorum
613 2737 730 2806 uuor«
754 2734 843 2821 (Gen.
859 2735 905 2813 X,
928 2732 1003 2818 21),
1033 2749 1147 2824 patrem
1173 2735 1264 2804 fluisse

146 2863 259 2928 Habeli.
305 2863 365 2928 Nec
388 2863 502 2931 difficile
531 2851 581 2930 cst
604 2865 763 2952 explicare,
789 2886 842 2930 cur
868 2864 926 2930 hoc
952 2885 1060 2932 nomen
1085 2865 1161 2928 inter
1187 2859 1264 2930 filios¹

146 2989 253 3054 Adami
284 2990 485 3056 intercalatum
512 2993 558 3056 sit.
609 2989 727 3056 Plenior
753 2986 1005 3073 πρωτοπάτορος
1032 2988 1200 3076 genealogia
1232 2991 1264 3056 iu

146 3118 241 3202 capite
254 3113 293 3179 V.
316 3113 502 3191 describitur,
525 3115 578 3182 ubi
598 3115 760 3182 Lamechus
782 3137 836 3204 per
858 3113 983 3182 Sethum
1011 3113 1049 3182 ab
1070 3113 1187 3181 Adamo
1210 3113 1262 3182 de-

145 3243 266 3311 rivatam.
322 3239 355 3304 lu
387 3242 485 3328 p1iore
518 3254 615 3307 autem
649 3245 742 3327 capite
775 3240 851 3306 idem
878 3239 1040 3307 Lamechus
1074 3243 1151 3306 iuter
1179 3238 1263 3315 Qaiui

144 3378 280 3453 posteros
302 3378 482 3442 recensetur,
500 3369 582 3454 quia,
605 3378 640 3430 ut
654 3365 784 3443 videtur,
806 3364 898 3432 verba
919 3365 1077 3430 confileuae
1099 3365 1191 3442 illius,
1215 3368 1260 3430 in·

144 3491 283 3556 solentiae
306 3504 336 3555 et
357 3491 475 3556 ultiouis
498 3492 679 3578 plenissima,
704 3513 771 3556 cum
795 3489 879 3565 Qaini
908 3489 1035 3554 facinore
1058 3491 1260 3576 cognationem

143 3617 270 3706 aliquam
295 3616 453 3682 habebant.
499 3615 573 3683 Utut
594 3617 666 3681 haec
694 3638 725 3682 se
754 3638 802 3680 res
824 3613 974 3691 habuerit,
998 3625 1109 3680 certum
1138 3625 1183 3679 est
1209 3625 1261 3680 aut

141 3745 270 3830 priorem
297 3754 349 3806 aut
381 3742 500 3806 alteram
531 3741 728 3828 genealogiam
754 3739 857 3805 falsam
885 3760 948 3806 esse
975 3751 1004 3804 et
1031 3741 1258 3827 supposititium.

142 3867 183 3934 llt
205 3889 296 3955 quum
314 3866 417 3956 'decem
444 3869 561 3932 nomina
588 3870 619 3932 iu
644 3869 806 3955 posteriorc
834 3863 981 3952 catalogo,
1010 3869 1136 3930 memoris
1166 3887 1258 3930 auno·

142 4015 209 4060 rum
232 3995 383 4080 appositis,
407 4004 536 4078 systema
556 3991 704 4080 quoddam
727 3991 903 4078 confingant,
924 3995 1008 4077 prior
1030 4003 1126 4056 autem
1148 4002 1259 4078 septem

141 4121 293 4184 nomnium
323 4119 410 4182 variis
440 4118 649 4204 eacographiae
680 4117 818 4182 maculis·
834 4120 1017 4205 inquinetur,
1046 4119 1098 4182 vix
1125 4114 1260 4182 dubitare

142 4265 315 4331 possumus,
340 4245 410 4330 quin
436 4241 508 4308 haec
536 4246 623 4308 series
652 4246 745 4308 serius
768 4241 891 4308 conficta
913 4246 966 4319 sit,
989 4251 1111 4328 propter
1132 4242 1257 4306 necessi·

142 4381 233 4434 tatem
261 4347 386 4458 aliquam
408 4367 545 4434 Lamechi
568 4391 633 4433 eum
657 4366 748 4443 Qaino
773 4366 976 4454 conjungendi.
1023 4363 1101 4431 Satis
1120 4367 1182 4451 jam
1205 4365 1256 4432 do-

1 4557 2 4582 ,
141 4497 317 4560 monstravit
330 4493 474 4560 Hem-icus
489 4493 595 4560 Ewald
609 4489 733 4575 (Gesch.
750 4493 779 4560 d.
791 4490 902 4562 Volltes
916 4491 1004 4560 lsrael
1018 4491 1040 4568 l,
1056 4514 1086 4580 p.
1099 4489 1163 4558 308
1178 4488 1255 4584 sqq.)
