3166 5178
705 344 752 414 15

169 545 251 633 (adv.
275 549 452 638 Pelagianos
469 550 514 614 lll.
548 549 626 638 Opp.
645 551 732 615 Tom.
748 550 798 629 lV,
822 574 854 638 p.
870 552 903 616 ll.
928 551 984 616 ool.
1008 549 1072 617 533
1096 564 1126 616 et
1146 547 1286 638 passiml3

168 697 265 762 neque
297 679 455 763 quisquam
477 688 610 740 veterum
634 675 825 741 contradixit.
870 676 910 740 Et
931 699 968 741 ne
990 680 1021 741 in
1043 675 1132 741 Novo
1155 676 1287 741 Foedere

170 800 283 864 diutim
305 803 503 878 immoremur,
528 802 586 865 hoc
608 823 669 866 uno
694 801 829 889 exemplo
853 799 1088 866 demonstremus
1105 815 1287 888 quantopere

170 923 316 989 conducat
338 924 376 989 ad
400 947 583 990 communem
607 924 844 991 Christianorum
868 927 1039 1003 utilitatem,
1071 929 1159 990 utin
1182 927 1287 1012 hujus·

169 1049 250 1114 modi
280 1049 506 1136 quaestionibus
538 1049 698 1137 aliquando
732 1050 896 1137 paullulum
924 1049 1131 1115 subsistamus.
1178 1050 1286 1116 Omnes

169 1177 278 1239 seimus
307 1172 412 1250 luisse,
444 1177 495 1260 qui
520 1173 711 1240 Osiaudream
740 1175 819 1238 illam
846 1175 1076 1263 Evangeliorum
1103 1175 1286 1240 harmoniam

169 1299 298 1385 amplexi
325 1311 438 1375 esseut,
469 1303 558 1384 quae'
574 1300 721 1386 deposcit,
754 1313 790 1363 ut
816 1299 946 1364 »nullius
976 1299 1096 1365 verbum
1126 1299 1220 1364 ullum
1248 1302 1288 1362 sit

169 1425 327 1500 omissus,
351 1423 425 1488 nihil
448 1423 573 1488 alienum
596 1426 779 1501 immixtum,
803 1425 912 1488 nullius
938 1424 1012 1489 ordo
1036 1423 1188 1501 turbatus,
1213 1423 1286 1488 nihil

168 1569 230 1612 uon
258 1570 317 1631 suo¹
344 1548 410 1612 loco
439 1549 602 1633 positum«
649 1548 731 1631 Quae
755 1549 872 1636 quidem
900 1551 994 1624 ratio,
1027 1562 1063 1613 ut
1084 1547 1286 1614 Chemuitzius

170 1670 300 1738 ostendit
329 1668 484 1754 (Prooem.
515 1695 539 1736 c.
563 1667 618 1754 2),
655 1695 767 1736 »unum
796 1685 911 1737 tautum
939 1673 1159 1737 incommodum
1186 1671 1284 1749 habet,

169 1796 252 1884 quod
286 1798 441 1875 historias,
479 1819 554 1884 quae
589 1819 736 1861 consensu
769 1799 863 1861 totius
892 1799 1076 1884 antiquitatis
1104 1811 1135 1861 et
1162 1800 1286 1862 circum·

169 1925 285 1987 stautiis
320 1923 379 1986 hoc
407 1921 558 1987 manifeste
592 1920 769 1986 testantibus
803 1921 885 2008 apud
918 1921 1053 1986 diversos
1082 1921 1286 2009 Evangelistas

169 2047 295 2110 eaedem
327 2058 413 2122 sunt,
448 2049 512 2133 ipse
547 2049 664 2133 cogitur
692 2046 762 2109 alias
793 2068 846 2109 seu
875 2045 1007 2110 diversas
1041 2045 1165 2110 lacere«
1208 2047 1287 2110 luter

170 2171 222 2234 has
251 2169 477 2257 discrepantias,
512 2193 587 2258 quae
616 2169 795 2235 Osiandrum
824 2183 978 2258 tantopere
1007 2170 1212 2248 ludificabant,
1241 2175 1286 2234 iu·

167 2293 245 2359 fidos
268 2307 364 2360 autem
389 2295 522 2359 homines
546 2317 598 2382 spe
615 2308 693 2359 certa
714 2296 856 2382 triumphi
873 2295 1071 2373 lactaverunt,
1094 2297 1286 2382 praecipuum

100 2451 104 2458 ·
171 2405 284 2506 sempel
306 2419 403 2484 locum
428 2418 574 2497 obtinuit,
599 2419 681 2507 quod
698 2420 867 2485 Matthaeus
891 2421 970 2484 duos
990 2442 1134 2505 personas
1156 2419 1285 2496 induxit,

170 2542 224 2606 uhi
255 2547 341 2608 ceteri
369 2543 590 2632 Evangelistae,
626 2544 746 2609 eandem
777 2567 839 2609 rem
872 2556 1039 2619 narrantes,
1074 2566 1171 2607 onom
1202 2542 1286 2606 dum·

169 2681 255 2732 taxat
275 2670 424 2734 hominem
445 2672 476 2734 iu
497 2691 613 2733 scenam
631 2669 830 2756 protulerunt.
868 2667 902 2732 ld
924 2671 950 2731 si
973 2668 1061 2732 semel
1081 2668 1285 2743 intercidisset,

168 2813 297 2880 pronum
326 2793 431 2858 inisset
459 2793 553 2860 dicere
575 2793 794 2881 Evangelistam
823 2795 964 2858 memoria
992 2793 1108 2878 lapsum
1131 2793 1178 2857 vel
1204 2792 1288 2856 aliter

169 2921 329 2996 erravisse3
364 2918 417 2982 sed
446 2919 548 2982 similis
580 2919 629 2982 illa
663 2940 779 3005 semper
811 2929 840 2982 et
873 2931 1011 2982 constans
1040 2920 1166 2982 variatio
1201 2917 1286 2980 aliam

169 3043 335 3128 explicandi
363 3046 508 3107 rationem
537 3041 687 3130 efflagitat.
733 3041 808 3106 Nam
836 3065 898 3106 non
923 3043 1012 3106 modo
1038 3040 1098 3106 duo
1123 3054 1211 3106 testes
1235 3040 1287 3105 ad-

169 3189 273 3248 sersus
300 3190 393 3233 unum
422 3167 522 3232 eadem
550 3180 716 3233 narrantem
743 3167 813 3252 plus
836 3166 948 3241 valent,
978 3165 1032 3230 sed
1054 3169 1117 3252 ipse
1140 3168 1286 3230 narratio·

168 3313 240 3356 num
270 3304 427 3357 contextus
459 3295 581 3370 evincit,
612 3291 738 3378 singulis
766 3290 938 3355 hominihus
966 3312 1028 3354 nou
1043 3285 1133 3354 ⁴binis
1162 3312 1211 3353 eas
1239 3311 1286 3356 res

169 3415 319 3480 accidisse.
358 3415 398 3481 Ut
420 3417 478 3481 hoc
500 3430 583 3494 utar,
609 3419 675 3504 quis
700 3415 895 3492 dubitaverit,
924 3418 996 3502 quin
1017 3414 1119 3478 Marco
1142 3427 1171 3478 et
1190 3413 1287 3477 Lucae

169 3541 387 3606 assentiendum
410 3544 462 3619 sit,
482 3545 534 3628 qui
555 3545 645 3606 unius
666 3554 781 3606 tautum
802 3544 1011 3616 meminerunt,
1030 3561 1119 3625 quam
1133 3538 1285 3603 Matthaeo

170 3669 221 3752 qui
245 3664 322 3730 duos
347 3663 500 3730 daemonia
522 3664 663 3730 hahentes
687 3688 702 3730 e
725 3665 886 3730 Gadarenis
914 3666 1056 3752 sepulcris
1078 3675 1218 3729 exeuntes
1242 3666 1287 3726 in-

168 3789 273 3853 duciti’
290 3784 497 3870 (Mattthll,
512 3789 554 3855 28
566 3811 632 3878 sqq.
649 3789 685 3854 cl.
697 3790 789 3854 Marc.
797 3789 835 3866 V,
852 3787 867 3854 1
882 3811 948 3876 sqq.
965 3789 1036 3854 Luc.
1046 3789 1125 3865 Vlll‚
1140 3786 1182 3854 26
1196 3783 1286 3875 sqq).

168 3912 339 3978 Incredibile
375 3917 451 3978 enim
485 3912 578 3992 foret,
599 3919 645 3978 „si
680 3918 746 4002 quis
782 3914 858 3978 duos
894 3913 1098 3978 daemoniacos
1136 3915 1288 4000 posuisset

169 4039 262 4104 cidem
291 4038 397 4104 morbo
428 4036 595 4116 obnoxios,
631 4039 731 4104 eadem
759 4061 885 4126 prorsus
912 4039 1140 4112 hallucinantes,
1171 4035 1287 4098 casdem

168 4163 334 4228 locutiones
363 4163 520 4249 ejicientes.
567 4161 722 4242 Similiter,
753 4186 845 4251 quum
868 4163 964 4228 Lucas
993 4185 1090 4227 uttwn
1111 4173 1226 4224 tantum
1250 4157 1288 4224 ad

167 4287 367 4352 Hierichuntis
390 4301 493 4374 portas
517 4309 634 4352 caecum
657 4289 805 4352 homiuem
829 4286 954 4352 collocat
972 4282 1093 4368 (XVlIl,
1111 4280 1183 4367 35),
1206 4284 1288 4349 Mar·

169 4433 221 4474 cus
244 4423 343 4476 numm
364 4435 474 4478 nomeu
496 4413 560 4499 ejus
582 4412 801 4479 Bortimaeaun
823 4411 925 4498 adjicit
947 4404 1004 4492 (X,
1018 4405 1089 4494 46),
1118 4409 1287 4476 Matthaeus
