3152 5160
665 301 753 410 '57

165 551 306 636 congruit
327 560 391 614 tum
412 545 534 622 brevior
556 547 606 614 illa
629 544 785 612 declaratio
812 561 965 635 peccatum
988 562 1018 614 ct
1038 563 1163 616 mortem
1186 573 1202 614 o
1225 573 1288 618 car·

164 677 211 740 nis
237 676 474 760 concupiscentia
495 673 693 762 profluxisse,
718 685 782 738 tum
804 686 869 740 tota
891 675 963 740 haec
984 679 1115 740 narratio
1139 676 1175 741 dc
1194 680 1285 744 vetito

166 797 282 864 arboris
306 797 406 863 fructu
429 799 620 864 comedendo.
654 797 757 886 Neque
781 799 838 864 alia
860 813 922 864 erat
935 800 1146 880 Israelitarum,
1164 804 1287 889 probae

164 925 244 991 illius
267 927 407 1001 nationis,
432 925 533 1012 culpa,
559 928 676 1012 quoties
700 945 806 990 avero
822 924 885 990 Deo
906 924 1092 992 desciverunt
1108 931 1286 1016 migrarunt-

165 1072 225 1138 que
247 1050 341 1138 legem
364 1049 501 1114 divinam.
537 1049 612 1116 Nam
628 1050 701 1138 quid
724 1053 764 1115 ait
780 1072 862 1116 sacer
875 1051 922 1118 ille
936 1051 1123 1120 Psalmornrn
1137 1055 1286 1142 scriptor?

166 1171 229 1258 (Ps.
248 1174 329 1253 CVI,
348 1171 503 1258 28-39)

422 1331 599 1390 Addixerunt
614 1350 644 1389 se
660 1301 747 1389 cultui
761 1331 957 1405 Harl-Peeris,

423 1441 460 1498 Et
475 1440 654 1499 comedenmt
668 1440 803 1498 sacrificia
816 1443 933 1500 mortuis
950 1441 1055 1514 oblata3

419 1549 587 1609 Polluehant
602 1567 661 1606 sese
677 1546 757 1608 sactis
774 1552 847 1620 suis,

423 1657 583 1718 scortantes
600 1675 662 1716 cnm
677 1656 758 1718 idolis
774 1657 809 1716 ab
824 1659 891 1736 ipsis
908 1656 995 1716 factis.

164 1806 227 1873 Sed
249 1810 304 1872 etsi
327 1805 409 1873 facile
433 1811 580 1896 quispiam
603 1810 781 1874 concesserit
802 1807 958 1895 phallicam
972 1805 1173 1874 Baal-Pcoris
1196 1831 1284 1876 vene-

120 2003 124 2012 ,
163 1936 309 2000 rationem
332 1955 398 1998 curn
421 1932 615 2000 fornicatione
631 1935 820 2041 conjunctam
833 1955 980 2002 summurn
994 1933 1085 2000 fuisse
1099 1934 1181 2000 nefas
1197 1949 1285 2024 atquc

162 2059 356 2146 inexpiabile,
381 2063 568 2125 invenientur
583 2063 635 2147 qui
656 2073 793 2126 censeant
810 2073 963 2147 peecatum
979 2064 1102 2150 originis
1118 2084 1180 2127 non
1194 2084 1284 2149 posse

163 2198 300 2250 constare
321 2189 354 2250 in
377 2185 490 2252 sexuali
514 2190 662 2273 appetitu,
691 2190 802 2274 gnippe
825 2189 876 2274 qni
898 2186 1011 2251 homini
1034 2209 1069 2252 eo
1094 2189 1216 2252 consilio
1239 2191 1284 2254 in·

163 2315 239 2376 situs
263 2323 355 2388 esset,
378 2323 414 2375 ut
435 2333 529 2399 genus
551 2315 615 2399 ipsc
638 2334 727 2376 suum
748 2312 963 2399 multiplicaret.
999 2311 1083 2378 Dixit
1105 2318 1182 2378 enim
1202 2313 1283 2380 Dens

164 2431 383 2519 (Gen.1‚28):
408 2435 597 2514 »luctificatc,
621 2437 870 2525 multiplicamini,
894 2436 1004 2523 replete
1019 2449 1140 2516 terram,
1162 2461 1284 2527 eamque

163 2561 251 2628 vobis
274 2560 452 2626 vindicate«
496 2562 615 2627 Vetitus
644 2565 736 2650 igitur
765 2561 880 2626 arboris
909 2560 1023 2626 fructus
1047 2566 1099 2627 vix
1126 2568 1228 2650 potuit
1252 2569 1284 2630 in

164 2709 198 2752 ea
230 2654 400 2776 gustatione
429 2691 589 2765 contineri,
626 2710 714 2775 qnam
743 2711 805 2752 non
835 2685 926 2750 modo
955 2709 1017 2750 non
1046 2701 1195 2767 vetuerat,
1232 2691 1285 2756 scd

163 2815 251 2878 ctiam
284 2817 414 2900 praecise
442 2817 638 2900 imperaverat
669 2813 760 2878 Deus.
814 2811 1039 2880 Obliviscuntur
1069 2817 1106 2892 ii,
1143 2819 1195 2903 qui
1225 2817 1284 2882 hoc

161 2938 253 3003 modo
278 2951 528 3027 argumentantur,
553 2961 652 3004 veram
674 2939 856 3028 relligionem
880 2961 946 3004 cum
966 2945 1155 3028 monogamia
1169 2964 1285 3031 semper

162 3086 227 3130 esse
251 3077 463 3152 comparatam,
488 3065 686 3132 idololatriam
710 3087 776 3130 cum
800 3069 988 3132 scortatione.
1024 3064 1094 3131 Non
1116 3071 1147 3132 in
1170 3069 1283 3134 sexuali

162 3193 311 3277 appetitu,
342 3203 488 3278 quatenus
518 3190 556 3255 ad
585 3191 774 3256 domesticam
804 3195 953 3256 caritatem
976 3204 1005 3256 et
1027 3191 1188 3260 liberorum
1210 3218 1283 3283 pro·

162 3319 340 3380 creationem
355 3321 517 3404 pertineat,
542 3316 640 3382 sedin
654 3317 839 3405 polygamia,
865 3338 957 3404 eaque
972 3316 1116 3383 foeminae
1131 3318 1280 3399 fruitione,

162 3463 238 3529 quae
267 3440 306 3506 ad
327 3442 510 3528 voluptatem
539 3441 634 3507 tendit
662 3455 691 3506 et
716 3446 952 3528 procreationem
975 3443 1162 3528 pessumdat,
1192 3445 1284 3510 latent

160 3566 212 3630 illa
238 3571 351 3653 pcccati
374 3571 492 3632 semina.
539 3567 613 3634 Rem
642 3589 697 3631 aen
724 3571 836 3654 tetigit,
869 3570 924 3632 etsi
947 3566 1027 3631 aliud
1050 3589 1155 3655 agens,
1185 3572 1284 3656 impu·

162 3690 228 3756 dica
249 3691 298 3756 illa
319 3692 424 3756 mulier
446 3691 574 3780 Populia
596 3693 689 3758 Marci
710 3693 771 3756 filia
794 3713 889 3779 »quae
912 3695 1030 3758 miranti
1053 3693 1182 3771 cuidam
1210 3695 1283 3782 quid

161 3829 240 3882 essct
262 3831 445 3905 quapropter
468 3819 540 3884 aliae
561 3817 673 3884 bestiae
695 3839 848 3904 nunquam
871 3840 981 3882 marem
1005 3818 1204 3885 desiderarent
1226 3825 1283 3885 nisi

162 3965 255 4030 quum
283 3956 478 4030 praegnantes
501 3944 610 4008 vellent
635 3943 713 4020 ficri,
743 3944 912 4030 respondit:
941 3945 1068 4012 Bestiae
1092 3945 1172 4010 enim
1193 3956 1282 4010 sont«

162 4064 308 4149 (Macrob.
327 4065 502 4145 saturali,
520 4065 540 4132 5
565 4064 665 4151 510).
711 4068 790 4134 Haec
812 4069 875 4148 illa,
904 4082 1011 4156 utpote
1032 4074 1186 4147 meretrix,
1211 4093 1283 4136 con-

160 4196 295 4281 temptim
318 4215 390 4258 ausa
414 4207 459 4258 cst
481 4192 611 4270 effutire;
635 4193 688 4258 sed
710 4195 844 4260 homines
867 4195 936 4282 plus
960 4200 1045 4260 ctiam
1070 4217 1158 4283 quam
1171 4195 1282 4262 bestias

106 4323 112 4330 '
161 4318 245 4384 decet
259 4319 375 4384 Venere
398 4319 550 4386 moderata
572 4323 617 4386 uti
636 4316 693 4384 odae
708 4318 857 4406 ἐρωτικῆς
872 4319 1050 4404 ἐπιθυμίας
1065 4322 1170 4400 ἕνεκα,
1193 4315 1282 4388 etta
1325 4335 1332 4348 ·

159 4437 197 4508 cd
220 4441 334 4511 nermo
356 4448 410 4529 τῆς
432 4443 643 4523 παιδοποιίας
664 4445 759 4534 χάριν
783 4441 884 4530 (Diod.
902 4444 961 4518 sic
977 4447 1028 4528 IV,
1046 4441 1096 4532 9);
1131 4461 1161 4514 ct
1182 4449 1281 4516 nullus
