<?xml version="1.0" encoding="UTF-8"?>
<!DOCTYPE html PUBLIC "-//W3C//DTD XHTML 1.0 Transitional//EN"
    "http://www.w3.org/TR/xhtml1/DTD/xhtml1-transitional.dtd">
<html xmlns="http://www.w3.org/1999/xhtml" xml:lang="en" lang="en">
 <head>
  <title>
</title>
<meta http-equiv="Content-Type" content="text/html;charset=utf-8" />
  <meta name='ocr-system' content='tesseract 3.04.00' />
  <meta name='ocr-capabilities' content='ocr_page ocr_carea ocr_par ocr_line ocrx_word'/>
</head>
<body>
  <div class='ocr_page' id='page_1' title='image "./jasharfragmenta00donagoog_0407.png"; bbox 0 0 3172 5186; ppageno 0'>
   <div class='ocr_carea' id='block_1_1' title="bbox 760 365 972 477">
    <p class='ocr_par' dir='ltr' id='par_1_1' title="bbox 760 365 972 477">
     <span class='ocr_line' id='line_1_1' title="bbox 760 365 972 477; baseline 0 -39"><span class='ocrx_word' id='word_1_1' title='bbox 760 365 972 477; x_wconf 50' lang='lat' dir='ltr'>Q</span> 
     </span>
    </p>
   </div>
   <div class='ocr_carea' id='block_1_2' title="bbox 253 577 1430 3546">
    <p class='ocr_par' dir='ltr' id='par_1_2' title="bbox 260 577 1424 1542">
     <span class='ocr_line' id='line_1_2' title="bbox 308 577 1422 668; baseline 0 -24"><span class='ocrx_word' id='word_1_2' title='bbox 308 584 360 668; x_wconf 86' lang='lat' dir='ltr'><strong>qni</strong></span> <span class='ocrx_word' id='word_1_3' title='bbox 375 601 392 644; x_wconf 88' lang='lat' dir='ltr'><strong>a</strong></span> <span class='ocrx_word' id='word_1_4' title='bbox 407 581 494 643; x_wconf 77' lang='lat' dir='ltr'><strong>cause</strong></span> <span class='ocrx_word' id='word_1_5' title='bbox 508 589 577 642; x_wconf 88' lang='lat' dir='ltr'><strong>tous</strong></span> <span class='ocrx_word' id='word_1_6' title='bbox 594 579 634 642; x_wconf 90' lang='lat' dir='ltr'><strong>les</strong></span> <span class='ocrx_word' id='word_1_7' title='bbox 651 577 796 643; x_wconf 88' lang='lat' dir='ltr'><strong>malheurs</strong></span> <span class='ocrx_word' id='word_1_8' title='bbox 814 577 855 642; x_wconf 87' lang='lat' dir='ltr'><strong>du</strong></span> <span class='ocrx_word' id='word_1_9' title='bbox 869 599 958 666; x_wconf 80' lang='lat' dir='ltr'><strong>genre</strong></span> <span class='ocrx_word' id='word_1_10' title='bbox 974 577 1104 644; x_wconf 88' lang='lat' dir='ltr'><strong>humain.</strong></span> <span class='ocrx_word' id='word_1_11' title='bbox 1130 578 1217 646; x_wconf 84' lang='lat' dir='ltr'><strong>Ainsi</strong></span> <span class='ocrx_word' id='word_1_12' title='bbox 1232 578 1333 666; x_wconf 82' lang='lat' dir='ltr'><strong>quand</strong></span> <span class='ocrx_word' id='word_1_13' title='bbox 1343 589 1422 645; x_wconf 80' lang='lat' dir='ltr'><strong>caat.</strong></span> 
     </span>
     <span class='ocr_line' id='line_1_3' title="bbox 308 701 1424 791; baseline 0 -21"><span class='ocrx_word' id='word_1_14' title='bbox 308 704 370 782; x_wconf 85' lang='lat' dir='ltr'><strong>Vll,</strong></span> <span class='ocrx_word' id='word_1_15' title='bbox 387 703 418 781; x_wconf 90' lang='grc'><strong>7,</strong></span> <span class='ocrx_word' id='word_1_16' title='bbox 434 701 465 780; x_wconf 86' lang='grc'><strong>8,</strong></span> <span class='ocrx_word' id='word_1_17' title='bbox 490 701 631 768; x_wconf 82' lang='lat' dir='ltr'><strong>Salomon</strong></span> <span class='ocrx_word' id='word_1_18' title='bbox 655 702 754 780; x_wconf 88' lang='lat' dir='ltr'><strong>disoit,</strong></span> <span class='ocrx_word' id='word_1_19' title='bbox 774 704 805 788; x_wconf 89' lang='lat' dir='ltr'><strong>je</strong></span> <span class='ocrx_word' id='word_1_20' title='bbox 829 724 908 767; x_wconf 85' lang='lat' dir='ltr'><strong>veux</strong></span> <span class='ocrx_word' id='word_1_21' title='bbox 930 716 1045 768; x_wconf 87' lang='lat' dir='ltr'><strong>menter</strong></span> <span class='ocrx_word' id='word_1_22' title='bbox 1067 725 1120 769; x_wconf 87' lang='lat' dir='ltr'><strong>sur</strong></span> <span class='ocrx_word' id='word_1_23' title='bbox 1139 703 1168 768; x_wconf 83' lang='lat' dir='ltr'><strong>lc</strong></span> <span class='ocrx_word' id='word_1_24' title='bbox 1187 702 1292 791; x_wconf 83' lang='lat' dir='ltr'><strong>palme,</strong></span> <span class='ocrx_word' id='word_1_25' title='bbox 1316 715 1347 769; x_wconf 92' lang='lat' dir='ltr'><strong>et</strong></span> <span class='ocrx_word' id='word_1_26' title='bbox 1362 704 1424 791; x_wconf 85' lang='lat' dir='ltr'><strong>j&#39;en</strong></span> 
     </span>
     <span class='ocr_line' id='line_1_4' title="bbox 309 825 1424 917; baseline 0 -23"><span class='ocrx_word' id='word_1_27' title='bbox 309 851 388 894; x_wconf 85' lang='lat' dir='ltr'><strong>veux</strong></span> <span class='ocrx_word' id='word_1_28' title='bbox 408 827 525 893; x_wconf 85' lang='lat' dir='ltr'><strong>cuciller</strong></span> <span class='ocrx_word' id='word_1_29' title='bbox 547 827 589 892; x_wconf 88' lang='lat' dir='ltr'><strong>les</strong></span> <span class='ocrx_word' id='word_1_30' title='bbox 612 825 708 904; x_wconf 76' lang='lat' dir='ltr'><strong>linies,</strong></span> <span class='ocrx_word' id='word_1_31' title='bbox 732 828 752 893; x_wconf 94' lang='lat' dir='ltr'><strong>il</strong></span> <span class='ocrx_word' id='word_1_32' title='bbox 775 831 857 892; x_wconf 87' lang='lat' dir='ltr'><strong>avoit</strong></span> <span class='ocrx_word' id='word_1_33' title='bbox 879 848 920 892; x_wconf 93' lang='lat' dir='ltr'><strong>un</strong></span> <span class='ocrx_word' id='word_1_34' title='bbox 943 841 1026 893; x_wconf 91' lang='lat' dir='ltr'><strong>autre</strong></span> <span class='ocrx_word' id='word_1_35' title='bbox 1050 831 1162 914; x_wconf 90' lang='lat' dir='ltr'><strong>appetit</strong></span> <span class='ocrx_word' id='word_1_36' title='bbox 1179 850 1236 916; x_wconf 91' lang='lat' dir='ltr'><strong>que</strong></span> <span class='ocrx_word' id='word_1_37' title='bbox 1252 828 1288 895; x_wconf 84' lang='lat' dir='ltr'><strong>cle</strong></span> <span class='ocrx_word' id='word_1_38' title='bbox 1303 851 1424 917; x_wconf 81' lang='lat' dir='ltr'><strong>manger</strong></span> 
     </span>
     <span class='ocr_line' id='line_1_5' title="bbox 308 952 1423 1042; baseline 0.002 -24"><span class='ocrx_word' id='word_1_39' title='bbox 308 954 349 1019; x_wconf 89' lang='lat' dir='ltr'><strong>les</strong></span> <span class='ocrx_word' id='word_1_40' title='bbox 373 952 465 1018; x_wconf 88' lang='lat' dir='ltr'><strong>dates.</strong></span> <span class='ocrx_word' id='word_1_41' title='bbox 502 955 543 1020; x_wconf 86' lang='lat' dir='ltr'><strong>Le</strong></span> <span class='ocrx_word' id='word_1_42' title='bbox 566 975 635 1042; x_wconf 80' lang='lat' dir='ltr'><strong>sago</strong></span> <span class='ocrx_word' id='word_1_43' title='bbox 657 952 767 1018; x_wconf 70' lang='lat' dir='ltr'><strong>(limile</strong></span> <span class='ocrx_word' id='word_1_44' title='bbox 790 955 932 1018; x_wconf 76' lang='lat' dir='ltr'><strong>aisement</strong></span> <span class='ocrx_word' id='word_1_45' title='bbox 954 973 1001 1018; x_wconf 91' lang='lat' dir='ltr'><strong>ces</strong></span> <span class='ocrx_word' id='word_1_46' title='bbox 1025 953 1140 1018; x_wconf 79' lang='lat' dir='ltr'>chastes</span> <span class='ocrx_word' id='word_1_47' title='bbox 1160 953 1280 1042; x_wconf 80' lang='lat' dir='ltr'><strong>figures.</strong></span> <span class='ocrx_word' id='word_1_48' title='bbox 1316 953 1423 1038; x_wconf 78' lang='lat' dir='ltr'><strong>Quancl</strong></span> 
     </span>
     <span class='ocr_line' id='line_1_6' title="bbox 308 1077 1424 1166; baseline 0.001 -23"><span class='ocrx_word' id='word_1_49' title='bbox 308 1079 330 1144; x_wconf 94' lang='lat' dir='ltr'><strong>il</strong></span> <span class='ocrx_word' id='word_1_50' title='bbox 352 1082 415 1146; x_wconf 84' lang='lat' dir='ltr'><strong>voit</strong></span> <span class='ocrx_word' id='word_1_51' title='bbox 438 1099 494 1166; x_wconf 91' lang='lat' dir='ltr'><strong>que</strong></span> <span class='ocrx_word' id='word_1_52' title='bbox 517 1077 542 1143; x_wconf 91' lang='lat' dir='ltr'><strong>le</strong></span> <span class='ocrx_word' id='word_1_53' title='bbox 565 1091 640 1166; x_wconf 80' lang='lat' dir='ltr'><strong>gout</strong></span> <span class='ocrx_word' id='word_1_54' title='bbox 663 1091 690 1143; x_wconf 92' lang='lat' dir='ltr'><strong>et</strong></span> <span class='ocrx_word' id='word_1_55' title='bbox 713 1078 741 1143; x_wconf 90' lang='lat' dir='ltr'><strong>la</strong></span> <span class='ocrx_word' id='word_1_56' title='bbox 763 1077 879 1144; x_wconf 90' lang='lat' dir='ltr'><strong>bouehe</strong></span> <span class='ocrx_word' id='word_1_57' title='bbox 903 1077 1003 1144; x_wconf 82' lang='lat' dir='ltr'><strong>d’Evc</strong></span> <span class='ocrx_word' id='word_1_58' title='bbox 1025 1099 1062 1143; x_wconf 88' lang='lat' dir='ltr'><strong>ne</strong></span> <span class='ocrx_word' id='word_1_59' title='bbox 1085 1091 1154 1144; x_wconf 92' lang='lat' dir='ltr'><strong>sont</strong></span> <span class='ocrx_word' id='word_1_60' title='bbox 1169 1081 1256 1166; x_wconf 91' lang='lat' dir='ltr'><strong>point</strong></span> <span class='ocrx_word' id='word_1_61' title='bbox 1269 1081 1370 1166; x_wconf 88' lang='lat' dir='ltr'><strong>punis,</strong></span> <span class='ocrx_word' id='word_1_62' title='bbox 1393 1091 1424 1146; x_wconf 89' lang='lat' dir='ltr'><strong>et</strong></span> 
     </span>
     <span class='ocr_line' id='line_1_7' title="bbox 260 1187 1423 1292; baseline 0.001 -24"><span class='ocrx_word' id='word_1_63' title='bbox 260 1269 268 1284; x_wconf 62' lang='grc'>,</span> <span class='ocrx_word' id='word_1_64' title='bbox 309 1204 412 1292; x_wconf 87' lang='lat' dir='ltr'><strong>qu’elle</strong></span> <span class='ocrx_word' id='word_1_65' title='bbox 435 1204 580 1270; x_wconf 90' lang='lat' dir='ltr'><strong>accouche</strong></span> <span class='ocrx_word' id='word_1_66' title='bbox 603 1224 673 1268; x_wconf 84' lang='lat' dir='ltr'><strong>avec</strong></span> <span class='ocrx_word' id='word_1_67' title='bbox 696 1201 838 1278; x_wconf 80' lang='lat' dir='ltr'><strong>doulrnr,</strong></span> <span class='ocrx_word' id='word_1_68' title='bbox 860 1203 890 1266; x_wconf 79' lang='lat' dir='ltr'><strong>tl</strong></span> <span class='ocrx_word' id='word_1_69' title='bbox 918 1205 1056 1268; x_wconf 88' lang='lat' dir='ltr'><strong>connoist</strong></span> <span class='ocrx_word' id='word_1_70' title='bbox 1082 1225 1139 1290; x_wconf 90' lang='lat' dir='ltr'><strong>que</strong></span> <span class='ocrx_word' id='word_1_71' title='bbox 1163 1187 1194 1268; x_wconf 85' lang='lat' dir='ltr'><strong>ec</strong></span> <span class='ocrx_word' id='word_1_72' title='bbox 1217 1204 1292 1269; x_wconf 87' lang='lat' dir='ltr'><strong>n&#39;est</strong></span> <span class='ocrx_word' id='word_1_73' title='bbox 1313 1225 1368 1291; x_wconf 90' lang='lat' dir='ltr'><strong>pas</strong></span> <span class='ocrx_word' id='word_1_74' title='bbox 1394 1204 1423 1270; x_wconf 92' lang='lat' dir='ltr'><strong>le</strong></span> 
     </span>
     <span class='ocr_line' id='line_1_8' title="bbox 308 1325 1423 1418; baseline 0 -24"><span class='ocrx_word' id='word_1_75' title='bbox 308 1341 384 1418; x_wconf 83' lang='lat' dir='ltr'><strong>gout</strong></span> <span class='ocrx_word' id='word_1_76' title='bbox 405 1333 457 1416; x_wconf 89' lang='lat' dir='ltr'><strong>qui</strong></span> <span class='ocrx_word' id='word_1_77' title='bbox 481 1341 526 1394; x_wconf 88' lang='lat' dir='ltr'><strong>est</strong></span> <span class='ocrx_word' id='word_1_78' title='bbox 548 1327 686 1393; x_wconf 91' lang='lat' dir='ltr'><strong>eriminel.</strong></span> <span class='ocrx_word' id='word_1_79' title='bbox 721 1327 760 1394; x_wconf 79' lang='lat' dir='ltr'><strong>ut</strong></span> <span class='ocrx_word' id='word_1_80' title='bbox 783 1326 964 1394; x_wconf 83' lang='lat' dir='ltr'><strong>hecouvrant</strong></span> <span class='ocrx_word' id='word_1_81' title='bbox 986 1351 1043 1416; x_wconf 87' lang='lat' dir='ltr'><strong>que</strong></span> <span class='ocrx_word' id='word_1_82' title='bbox 1066 1325 1113 1394; x_wconf 86' lang='lat' dir='ltr'><strong>lut</strong></span> <span class='ocrx_word' id='word_1_83' title='bbox 1134 1328 1161 1393; x_wconf 93' lang='lat' dir='ltr'><strong>le</strong></span> <span class='ocrx_word' id='word_1_84' title='bbox 1183 1331 1308 1416; x_wconf 78' lang='lat' dir='ltr'>premier</span> <span class='ocrx_word' id='word_1_85' title='bbox 1329 1329 1423 1416; x_wconf 73' lang='lat' dir='ltr'><strong>pcche</strong></span> 
     </span>
     <span class='ocr_line' id='line_1_9' title="bbox 309 1453 1423 1542; baseline 0.001 -23"><span class='ocrx_word' id='word_1_86' title='bbox 309 1475 363 1542; x_wconf 93' lang='lat' dir='ltr'><strong>par</strong></span> <span class='ocrx_word' id='word_1_87' title='bbox 385 1455 412 1519; x_wconf 92' lang='lat' dir='ltr'><strong>le</strong></span> <span class='ocrx_word' id='word_1_88' title='bbox 434 1456 500 1518; x_wconf 92' lang='lat' dir='ltr'><strong>soin</strong></span> <span class='ocrx_word' id='word_1_89' title='bbox 516 1457 567 1541; x_wconf 91' lang='lat' dir='ltr'><strong>qui</strong></span> <span class='ocrx_word' id='word_1_90' title='bbox 585 1457 698 1541; x_wconf 88' lang='lat' dir='ltr'><strong>prirent</strong></span> <span class='ocrx_word' id='word_1_91' title='bbox 719 1453 761 1518; x_wconf 91' lang='lat' dir='ltr'><strong>les</strong></span> <span class='ocrx_word' id='word_1_92' title='bbox 784 1456 923 1541; x_wconf 91' lang='lat' dir='ltr'><strong>premiers</strong></span> <span class='ocrx_word' id='word_1_93' title='bbox 948 1453 1091 1542; x_wconf 80' lang='lat' dir='ltr'><strong>peoheurs</strong></span> <span class='ocrx_word' id='word_1_94' title='bbox 1108 1453 1144 1518; x_wconf 84' lang='lat' dir='ltr'><strong>cle</strong></span> <span class='ocrx_word' id='word_1_95' title='bbox 1159 1454 1263 1519; x_wconf 87' lang='lat' dir='ltr'><strong>caoher</strong></span> <span class='ocrx_word' id='word_1_96' title='bbox 1284 1475 1356 1519; x_wconf 81' lang='lat' dir='ltr'><strong>avec</strong></span> <span class='ocrx_word' id='word_1_97' title='bbox 1371 1453 1423 1520; x_wconf 90' lang='lat' dir='ltr'><strong>des</strong></span> 
     </span>
    </p>

    <p class='ocr_par' dir='ltr' id='par_1_3' title="bbox 253 1577 1430 3546">
     <span class='ocr_line' id='line_1_10' title="bbox 309 1577 1430 1666; baseline 0.002 -22"><span class='ocrx_word' id='word_1_98' title='bbox 309 1578 420 1644; x_wconf 88' lang='lat' dir='ltr'><strong>feuilles</strong></span> <span class='ocrx_word' id='word_1_99' title='bbox 443 1581 567 1644; x_wconf 88' lang='lat' dir='ltr'><strong>certains</strong></span> <span class='ocrx_word' id='word_1_100' title='bbox 590 1578 722 1644; x_wconf 86' lang='lat' dir='ltr'><strong>endroits</strong></span> <span class='ocrx_word' id='word_1_101' title='bbox 744 1577 780 1644; x_wconf 84' lang='lat' dir='ltr'><strong>de</strong></span> <span class='ocrx_word' id='word_1_102' title='bbox 802 1578 881 1642; x_wconf 90' lang='lat' dir='ltr'><strong>leurs</strong></span> <span class='ocrx_word' id='word_1_103' title='bbox 904 1601 1001 1666; x_wconf 80' lang='lat' dir='ltr'>corps,</span> <span class='ocrx_word' id='word_1_104' title='bbox 1025 1578 1045 1643; x_wconf 92' lang='lat' dir='ltr'><strong>il</strong></span> <span class='ocrx_word' id='word_1_105' title='bbox 1069 1577 1187 1645; x_wconf 88' lang='lat' dir='ltr'><strong>conolut</strong></span> <span class='ocrx_word' id='word_1_106' title='bbox 1208 1599 1266 1666; x_wconf 90' lang='lat' dir='ltr'><strong>quc</strong></span> <span class='ocrx_word' id='word_1_107' title='bbox 1288 1579 1365 1646; x_wconf 85' lang='lat' dir='ltr'><strong>Dieu</strong></span> <span class='ocrx_word' id='word_1_108' title='bbox 1386 1601 1430 1646; x_wconf 86' lang='lat' dir='ltr'><strong>ne·</strong></span> 
     </span>
     <span class='ocr_line' id='line_1_11' title="bbox 253 1676 1425 1792; baseline 0.003 -24"><span class='ocrx_word' id='word_1_109' title='bbox 253 1676 256 1681; x_wconf 27' lang='lat'>¹</span> <span class='ocrx_word' id='word_1_110' title='bbox 310 1705 426 1770; x_wconf 87' lang='lat' dir='ltr'><strong>vouloit</strong></span> <span class='ocrx_word' id='word_1_111' title='bbox 452 1727 504 1790; x_wconf 88' lang='lat' dir='ltr'><strong>pas</strong></span> <span class='ocrx_word' id='word_1_112' title='bbox 529 1725 585 1792; x_wconf 89' lang='lat' dir='ltr'><strong>que</strong></span> <span class='ocrx_word' id='word_1_113' title='bbox 614 1704 655 1768; x_wconf 90' lang='lat' dir='ltr'><strong>les</strong></span> <span class='ocrx_word' id='word_1_114' title='bbox 685 1703 817 1769; x_wconf 87' lang='lat' dir='ltr'><strong>hommes</strong></span> <span class='ocrx_word' id='word_1_115' title='bbox 840 1702 955 1770; x_wconf 86' lang='lat' dir='ltr'><strong>fussent</strong></span> <span class='ocrx_word' id='word_1_116' title='bbox 980 1704 1139 1791; x_wconf 77' lang='lat' dir='ltr'><strong>multipliis</strong></span> <span class='ocrx_word' id='word_1_117' title='bbox 1162 1725 1218 1792; x_wconf 90' lang='lat' dir='ltr'><strong>par</strong></span> <span class='ocrx_word' id='word_1_118' title='bbox 1240 1715 1313 1770; x_wconf 86' lang='lat' dir='ltr'><strong>cette</strong></span> <span class='ocrx_word' id='word_1_119' title='bbox 1342 1704 1425 1772; x_wconf 84' lang='lat' dir='ltr'><strong>lacha</strong></span> 
     </span>
     <span class='ocr_line' id='line_1_12' title="bbox 310 1827 1426 1918; baseline 0 -24"><span class='ocrx_word' id='word_1_120' title='bbox 310 1851 412 1917; x_wconf 76' lang='lat' dir='ltr'><strong>voye«</strong></span> <span class='ocrx_word' id='word_1_121' title='bbox 446 1828 548 1918; x_wconf 84' lang='lat' dir='ltr'><strong>Neque</strong></span> <span class='ocrx_word' id='word_1_122' title='bbox 571 1830 656 1894; x_wconf 89' lang='lat' dir='ltr'><strong>aliam</strong></span> <span class='ocrx_word' id='word_1_123' title='bbox 679 1827 770 1894; x_wconf 82' lang='lat' dir='ltr'><strong>finisse</strong></span> <span class='ocrx_word' id='word_1_124' title='bbox 793 1827 917 1894; x_wconf 88' lang='lat' dir='ltr'><strong>Joanuis</strong></span> <span class='ocrx_word' id='word_1_125' title='bbox 939 1829 1058 1894; x_wconf 90' lang='lat' dir='ltr'><strong>Miltoni</strong></span> <span class='ocrx_word' id='word_1_126' title='bbox 1081 1832 1253 1894; x_wconf 86' lang='lat' dir='ltr'><strong>sententiam</strong></span> <span class='ocrx_word' id='word_1_127' title='bbox 1276 1831 1348 1894; x_wconf 85' lang='lat' dir='ltr'><strong>satis</strong></span> <span class='ocrx_word' id='word_1_128' title='bbox 1371 1851 1426 1917; x_wconf 83' lang='lat' dir='ltr'><strong>ap·</strong></span> 
     </span>
     <span class='ocr_line' id='line_1_13' title="bbox 308 1952 1424 2050; baseline 0 -30"><span class='ocrx_word' id='word_1_129' title='bbox 308 1969 393 2042; x_wconf 88' lang='lat' dir='ltr'><strong>paret</strong></span> <span class='ocrx_word' id='word_1_130' title='bbox 415 1977 453 2020; x_wconf 83' lang='lat' dir='ltr'><strong>ex</strong></span> <span class='ocrx_word' id='word_1_131' title='bbox 475 1953 588 2031; x_wconf 81' lang='lat' dir='ltr'><strong>effectu,</strong></span> <span class='ocrx_word' id='word_1_132' title='bbox 613 1975 700 2042; x_wconf 90' lang='lat' dir='ltr'><strong>quem</strong></span> <span class='ocrx_word' id='word_1_133' title='bbox 723 1957 805 2020; x_wconf 85' lang='lat' dir='ltr'><strong>vetiti</strong></span> <span class='ocrx_word' id='word_1_134' title='bbox 827 1954 940 2020; x_wconf 86' lang='lat' dir='ltr'><strong>fructus</strong></span> <span class='ocrx_word' id='word_1_135' title='bbox 964 1957 1134 2050; x_wconf 85' lang='lat' dir='ltr'><strong>excitationi</strong></span> <span class='ocrx_word' id='word_1_136' title='bbox 1157 1953 1292 2020; x_wconf 83' lang='lat' dir='ltr'><strong>attribuit</strong></span> <span class='ocrx_word' id='word_1_137' title='bbox 1309 1952 1424 2035; x_wconf 83' lang='lat' dir='ltr'><strong>(Pcrc-</strong></span> 
     </span>
     <span class='ocr_line' id='line_1_14' title="bbox 311 2077 1426 2168; baseline -0.001 -23"><span class='ocrx_word' id='word_1_138' title='bbox 311 2081 375 2146; x_wconf 80' lang='lat' dir='ltr'><strong>disc</strong></span> <span class='ocrx_word' id='word_1_139' title='bbox 389 2079 476 2164; x_wconf 82' lang='lat' dir='ltr'><strong>Lost,</strong></span> <span class='ocrx_word' id='word_1_140' title='bbox 500 2079 550 2145; x_wconf 89' lang='lat' dir='ltr'><strong>lib.</strong></span> <span class='ocrx_word' id='word_1_141' title='bbox 566 2080 608 2145; x_wconf 91' lang='lat' dir='ltr'><strong>IX</strong></span> <span class='ocrx_word' id='word_1_142' title='bbox 623 2101 717 2168; x_wconf 89' lang='lat' dir='ltr'><strong>prope</strong></span> <span class='ocrx_word' id='word_1_143' title='bbox 739 2077 848 2162; x_wconf 89' lang='lat' dir='ltr'><strong>linem).</strong></span> <span class='ocrx_word' id='word_1_144' title='bbox 879 2079 958 2164; x_wconf 80' lang='lat' dir='ltr'><strong>Quid</strong></span> <span class='ocrx_word' id='word_1_145' title='bbox 976 2077 1059 2168; x_wconf 83' lang='lat' dir='ltr'><strong>quod</strong></span> <span class='ocrx_word' id='word_1_146' title='bbox 1073 2077 1331 2144; x_wconf 88' lang='lat' dir='ltr'><strong>Roscnmuellerus</strong></span> <span class='ocrx_word' id='word_1_147' title='bbox 1353 2099 1426 2167; x_wconf 92' lang='lat' dir='ltr'><strong>pro·</strong></span> 
     </span>
     <span class='ocr_line' id='line_1_15' title="bbox 310 2203 1427 2294; baseline 0 -24"><span class='ocrx_word' id='word_1_148' title='bbox 310 2208 458 2271; x_wconf 87' lang='lat' dir='ltr'><strong>nuntiavit</strong></span> <span class='ocrx_word' id='word_1_149' title='bbox 479 2209 594 2294; x_wconf 80' lang='lat' dir='ltr'><strong>generis</strong></span> <span class='ocrx_word' id='word_1_150' title='bbox 616 2208 711 2270; x_wconf 83' lang='lat' dir='ltr'><strong>nostri</strong></span> <span class='ocrx_word' id='word_1_151' title='bbox 734 2218 870 2292; x_wconf 90' lang='lat' dir='ltr'><strong>parentes</strong></span> <span class='ocrx_word' id='word_1_152' title='bbox 899 2227 937 2270; x_wconf 81' lang='lat' dir='ltr'><strong>ex</strong></span> <span class='ocrx_word' id='word_1_153' title='bbox 960 2203 1035 2270; x_wconf 88' lang='lat' dir='ltr'><strong>felici</strong></span> <span class='ocrx_word' id='word_1_154' title='bbox 1058 2203 1196 2270; x_wconf 79' lang='lat' dir='ltr'><strong>infantiae</strong></span> <span class='ocrx_word' id='word_1_155' title='bbox 1219 2225 1289 2268; x_wconf 90' lang='lat' dir='ltr'><strong>suae</strong></span> <span class='ocrx_word' id='word_1_156' title='bbox 1313 2204 1427 2292; x_wconf 89' lang='lat' dir='ltr'><strong>simpli·</strong></span> 
     </span>
     <span class='ocr_line' id='line_1_16' title="bbox 311 2325 1425 2420; baseline -0.001 -24"><span class='ocrx_word' id='word_1_157' title='bbox 311 2334 396 2397; x_wconf 88' lang='lat' dir='ltr'><strong>citata</strong></span> <span class='ocrx_word' id='word_1_158' title='bbox 413 2334 582 2408; x_wconf 80' lang='lat' dir='ltr'><strong>excessisse,</strong></span> <span class='ocrx_word' id='word_1_159' title='bbox 600 2325 690 2418; x_wconf 80' lang='lat' dir='ltr'><strong>quur&#39;n</strong></span> <span class='ocrx_word' id='word_1_160' title='bbox 706 2335 833 2420; x_wconf 90' lang='lat' dir='ltr'><strong>primum</strong></span> <span class='ocrx_word' id='word_1_161' title='bbox 849 2333 925 2395; x_wconf 86' lang='lat' dir='ltr'><strong>retio</strong></span> <span class='ocrx_word' id='word_1_162' title='bbox 944 2333 1107 2418; x_wconf 85' lang='lat' dir='ltr'><strong>expergisci</strong></span> <span class='ocrx_word' id='word_1_163' title='bbox 1125 2329 1291 2417; x_wconf 73' lang='lat' dir='ltr'><strong>coepisset?</strong></span> <span class='ocrx_word' id='word_1_164' title='bbox 1315 2329 1425 2414; x_wconf 78' lang='lat' dir='ltr'><strong>»Quod</strong></span> 
     </span>
     <span class='ocr_line' id='line_1_17' title="bbox 310 2453 1425 2546; baseline -0.003 -23"><span class='ocrx_word' id='word_1_165' title='bbox 310 2461 439 2546; x_wconf 80' lang='lat' dir='ltr'><strong>ipsum«,</strong></span> <span class='ocrx_word' id='word_1_166' title='bbox 463 2459 560 2544; x_wconf 89' lang='lat' dir='ltr'><strong>inquit</strong></span> <span class='ocrx_word' id='word_1_167' title='bbox 581 2453 703 2538; x_wconf 79' lang='lat' dir='ltr'><strong>(Schol.</strong></span> <span class='ocrx_word' id='word_1_168' title='bbox 725 2457 759 2521; x_wconf 82' lang='lat' dir='ltr'><strong>lo</strong></span> <span class='ocrx_word' id='word_1_169' title='bbox 778 2453 1018 2522; x_wconf 74' lang='lat' dir='ltr'><strong>Pecaeeoctem</strong></span> <span class='ocrx_word' id='word_1_170' title='bbox 1040 2455 1067 2531; x_wconf 88' lang='lat'><strong>1,</strong></span> <span class='ocrx_word' id='word_1_171' title='bbox 1091 2477 1120 2543; x_wconf 90' lang='lat' dir='ltr'><strong>p.</strong></span> <span class='ocrx_word' id='word_1_172' title='bbox 1142 2453 1233 2536; x_wconf 78' lang='lat'><strong>107),</strong></span> <span class='ocrx_word' id='word_1_173' title='bbox 1258 2475 1370 2542; x_wconf 77' lang='lat' dir='ltr'><strong>»quum</strong></span> <span class='ocrx_word' id='word_1_174' title='bbox 1392 2459 1425 2520; x_wconf 90' lang='lat' dir='ltr'><strong>in</strong></span> 
     </span>
     <span class='ocr_line' id='line_1_18' title="bbox 311 2579 1426 2669; baseline -0.001 -22"><span class='ocrx_word' id='word_1_175' title='bbox 311 2582 429 2648; x_wconf 89' lang='lat' dir='ltr'><strong>homine</strong></span> <span class='ocrx_word' id='word_1_176' title='bbox 452 2581 514 2646; x_wconf 88' lang='lat' dir='ltr'><strong>lieri</strong></span> <span class='ocrx_word' id='word_1_177' title='bbox 538 2581 726 2647; x_wconf 88' lang='lat' dir='ltr'><strong>observatum</strong></span> <span class='ocrx_word' id='word_1_178' title='bbox 751 2593 827 2647; x_wconf 89' lang='lat' dir='ltr'><strong>esset</strong></span> <span class='ocrx_word' id='word_1_179' title='bbox 848 2594 922 2658; x_wconf 87' lang='lat' dir='ltr'><strong>tum,</strong></span> <span class='ocrx_word' id='word_1_180' title='bbox 946 2601 1047 2669; x_wconf 75' lang='lat' dir='ltr'><strong>quum</strong></span> <span class='ocrx_word' id='word_1_181' title='bbox 1072 2602 1088 2645; x_wconf 89' lang='lat' dir='ltr'><strong>e</strong></span> <span class='ocrx_word' id='word_1_182' title='bbox 1107 2599 1200 2668; x_wconf 91' lang='lat' dir='ltr'><strong>puero</strong></span> <span class='ocrx_word' id='word_1_183' title='bbox 1216 2599 1362 2668; x_wconf 80' lang='lat' dir='ltr'><strong>egressus,</strong></span> <span class='ocrx_word' id='word_1_184' title='bbox 1386 2579 1426 2646; x_wconf 82' lang='lat' dir='ltr'><strong>acl</strong></span> 
     </span>
     <span class='ocr_line' id='line_1_19' title="bbox 312 2705 1427 2794; baseline -0.003 -21"><span class='ocrx_word' id='word_1_185' title='bbox 312 2729 362 2773; x_wconf 89' lang='lat' dir='ltr'><strong>eos</strong></span> <span class='ocrx_word' id='word_1_186' title='bbox 386 2729 480 2772; x_wconf 89' lang='lat' dir='ltr'><strong>annos</strong></span> <span class='ocrx_word' id='word_1_187' title='bbox 496 2710 585 2784; x_wconf 87' lang='lat' dir='ltr'><strong>venit,</strong></span> <span class='ocrx_word' id='word_1_188' title='bbox 599 2707 654 2772; x_wconf 88' lang='lat' dir='ltr'><strong>uhi</strong></span> <span class='ocrx_word' id='word_1_189' title='bbox 669 2705 806 2772; x_wconf 84' lang='lat' dir='ltr'><strong>desiderii</strong></span> <span class='ocrx_word' id='word_1_190' title='bbox 828 2705 947 2772; x_wconf 87' lang='lat' dir='ltr'><strong>alterius</strong></span> <span class='ocrx_word' id='word_1_191' title='bbox 970 2727 1060 2772; x_wconf 87' lang='lat' dir='ltr'><strong>sexus</strong></span> <span class='ocrx_word' id='word_1_192' title='bbox 1083 2705 1227 2794; x_wconf 83' lang='lat' dir='ltr'><strong>igniculos</strong></span> <span class='ocrx_word' id='word_1_193' title='bbox 1250 2707 1358 2771; x_wconf 86' lang='lat' dir='ltr'><strong>sentire</strong></span> <span class='ocrx_word' id='word_1_194' title='bbox 1380 2707 1427 2770; x_wconf 89' lang='lat' dir='ltr'><strong>in·</strong></span> 
     </span>
     <span class='ocr_line' id='line_1_20' title="bbox 312 2829 1427 2922; baseline -0.003 -23"><span class='ocrx_word' id='word_1_195' title='bbox 312 2836 397 2922; x_wconf 83' lang='lat' dir='ltr'><strong>cipit3</strong></span> <span class='ocrx_word' id='word_1_196' title='bbox 421 2855 459 2898; x_wconf 84' lang='lat' dir='ltr'><strong>ex</strong></span> <span class='ocrx_word' id='word_1_197' title='bbox 475 2835 584 2898; x_wconf 84' lang='lat' dir='ltr'><strong>vetusti</strong></span> <span class='ocrx_word' id='word_1_198' title='bbox 600 2833 839 2921; x_wconf 85' lang='lat' dir='ltr'><strong>philosophantis</strong></span> <span class='ocrx_word' id='word_1_199' title='bbox 855 2843 960 2920; x_wconf 89' lang='lat' dir='ltr'><strong>poetae</strong></span> <span class='ocrx_word' id='word_1_200' title='bbox 976 2843 1071 2896; x_wconf 85' lang='lat' dir='ltr'><strong>mente</strong></span> <span class='ocrx_word' id='word_1_201' title='bbox 1087 2833 1171 2897; x_wconf 87' lang='lat' dir='ltr'><strong>etiam</strong></span> <span class='ocrx_word' id='word_1_202' title='bbox 1187 2829 1274 2918; x_wconf 90' lang='lat' dir='ltr'><strong>primi</strong></span> <span class='ocrx_word' id='word_1_203' title='bbox 1289 2830 1330 2894; x_wconf 90' lang='lat' dir='ltr'><strong>illi</strong></span> <span class='ocrx_word' id='word_1_204' title='bbox 1347 2851 1427 2896; x_wconf 85' lang='lat' dir='ltr'><strong>mor·</strong></span> 
     </span>
     <span class='ocr_line' id='line_1_21' title="bbox 311 2955 1427 3046; baseline -0.004 -21"><span class='ocrx_word' id='word_1_205' title='bbox 311 2960 384 3025; x_wconf 86' lang='lat' dir='ltr'><strong>tales</strong></span> <span class='ocrx_word' id='word_1_206' title='bbox 407 2960 655 3046; x_wconf 90' lang='lat' dir='ltr'><strong>perniciosissimo</strong></span> <span class='ocrx_word' id='word_1_207' title='bbox 679 2961 802 3023; x_wconf 87' lang='lat' dir='ltr'><strong>rationis</strong></span> <span class='ocrx_word' id='word_1_208' title='bbox 827 2957 906 3022; x_wconf 87' lang='lat' dir='ltr'><strong>dono</strong></span> <span class='ocrx_word' id='word_1_209' title='bbox 930 2979 990 3021; x_wconf 93' lang='lat' dir='ltr'><strong>non</strong></span> <span class='ocrx_word' id='word_1_210' title='bbox 1017 2959 1101 3043; x_wconf 91' lang='lat' dir='ltr'><strong>prius</strong></span> <span class='ocrx_word' id='word_1_211' title='bbox 1125 2955 1244 3022; x_wconf 82' lang='lat' dir='ltr'><strong>allectos</strong></span> <span class='ocrx_word' id='word_1_212' title='bbox 1267 2977 1299 3020; x_wconf 89' lang='lat' dir='ltr'><strong>sc</strong></span> <span class='ocrx_word' id='word_1_213' title='bbox 1327 2975 1427 3021; x_wconf 87' lang='lat' dir='ltr'><strong>sense·</strong></span> 
     </span>
     <span class='ocr_line' id='line_1_22' title="bbox 312 3081 1426 3170; baseline -0.003 -21"><span class='ocrx_word' id='word_1_214' title='bbox 312 3097 391 3160; x_wconf 86' lang='lat' dir='ltr'><strong>runt‚</strong></span> <span class='ocrx_word' id='word_1_215' title='bbox 416 3103 502 3170; x_wconf 90' lang='lat' dir='ltr'><strong>quam</strong></span> <span class='ocrx_word' id='word_1_216' title='bbox 526 3087 592 3170; x_wconf 88' lang='lat' dir='ltr'><strong>quis</strong></span> <span class='ocrx_word' id='word_1_217' title='bbox 615 3085 703 3148; x_wconf 87' lang='lat' dir='ltr'><strong>maris</strong></span> <span class='ocrx_word' id='word_1_218' title='bbox 727 3093 812 3160; x_wconf 87' lang='lat' dir='ltr'><strong>esset,</strong></span> <span class='ocrx_word' id='word_1_219' title='bbox 837 3085 904 3170; x_wconf 86' lang='lat' dir='ltr'><strong>quis</strong></span> <span class='ocrx_word' id='word_1_220' title='bbox 927 3081 1069 3147; x_wconf 79' lang='lat' dir='ltr'><strong>foeminae</strong></span> <span class='ocrx_word' id='word_1_221' title='bbox 1095 3101 1168 3146; x_wconf 90' lang='lat' dir='ltr'><strong>usus</strong></span> <span class='ocrx_word' id='word_1_222' title='bbox 1191 3084 1426 3170; x_wconf 75' lang='lat' dir='ltr'><strong>cognovissent·</strong></span> 
     </span>
     <span class='ocr_line' id='line_1_23' title="bbox 312 3206 1426 3296; baseline -0.001 -23"><span class='ocrx_word' id='word_1_223' title='bbox 312 3207 352 3273; x_wconf 80' lang='lat' dir='ltr'><strong>Et</strong></span> <span class='ocrx_word' id='word_1_224' title='bbox 379 3211 546 3296; x_wconf 88' lang='lat' dir='ltr'><strong>nuperrime</strong></span> <span class='ocrx_word' id='word_1_225' title='bbox 573 3219 678 3273; x_wconf 87' lang='lat' dir='ltr'><strong>auctor</strong></span> <span class='ocrx_word' id='word_1_226' title='bbox 706 3209 841 3295; x_wconf 82' lang='lat' dir='ltr'><strong>opusculi</strong></span> <span class='ocrx_word' id='word_1_227' title='bbox 872 3206 1025 3296; x_wconf 86' lang='lat' dir='ltr'><strong>cujusdam</strong></span> <span class='ocrx_word' id='word_1_228' title='bbox 1052 3207 1185 3273; x_wconf 83' lang='lat' dir='ltr'><strong>vilissimi</strong></span> <span class='ocrx_word' id='word_1_229' title='bbox 1202 3209 1313 3294; x_wconf 80' lang='lat' dir='ltr'><strong>pretii.</strong></span> <span class='ocrx_word' id='word_1_230' title='bbox 1339 3227 1426 3294; x_wconf 88' lang='lat' dir='ltr'><strong>quern</strong></span> 
     </span>
     <span class='ocr_line' id='line_1_24' title="bbox 314 3331 1425 3422; baseline -0.001 -24"><span class='ocrx_word' id='word_1_231' title='bbox 314 3334 404 3422; x_wconf 82' lang='lat' dir='ltr'><strong>vulgo</strong></span> <span class='ocrx_word' id='word_1_232' title='bbox 427 3332 539 3410; x_wconf 85' lang='lat' dir='ltr'><strong>serunt,</strong></span> <span class='ocrx_word' id='word_1_233' title='bbox 564 3346 594 3398; x_wconf 89' lang='lat' dir='ltr'><strong>et</strong></span> <span class='ocrx_word' id='word_1_234' title='bbox 615 3355 670 3422; x_wconf 83' lang='lat' dir='ltr'><strong>ego</strong></span> <span class='ocrx_word' id='word_1_235' title='bbox 694 3333 796 3411; x_wconf 86' lang='lat' dir='ltr'><strong>credo,</strong></span> <span class='ocrx_word' id='word_1_236' title='bbox 819 3333 1084 3420; x_wconf 88' lang='lat' dir='ltr'><strong>Archiepiscopum</strong></span> <span class='ocrx_word' id='word_1_237' title='bbox 1108 3353 1171 3398; x_wconf 89' lang='lat' dir='ltr'><strong>esse</strong></span> <span class='ocrx_word' id='word_1_238' title='bbox 1193 3331 1425 3410; x_wconf 68' lang='lat' dir='ltr'><strong>Duhliuienserm</strong></span> 
     </span>
     <span class='ocr_line' id='line_1_25' title="bbox 313 3454 1429 3546; baseline -0.001 -21"><span class='ocrx_word' id='word_1_239' title='bbox 313 3458 472 3526; x_wconf 83' lang='lat' dir='ltr'><strong>Ricardum</strong></span> <span class='ocrx_word' id='word_1_240' title='bbox 494 3458 639 3546; x_wconf 87' lang='lat' dir='ltr'><strong>Whately</strong></span> <span class='ocrx_word' id='word_1_241' title='bbox 667 3454 850 3540; x_wconf 64' lang='lat' dir='ltr'><strong>(Tractatio</strong></span> <span class='ocrx_word' id='word_1_242' title='bbox 882 3469 943 3523; x_wconf 81' lang='lat' dir='ltr'><strong>tres</strong></span> <span class='ocrx_word' id='word_1_243' title='bbox 971 3459 1010 3523; x_wconf 85' lang='lat' dir='ltr'><strong>de</strong></span> <span class='ocrx_word' id='word_1_244' title='bbox 1038 3459 1200 3524; x_wconf 70' lang='lat' dir='ltr'><strong>orbor-ibus</strong></span> <span class='ocrx_word' id='word_1_245' title='bbox 1226 3457 1372 3522; x_wconf 56' lang='lat' dir='ltr'><strong>scientae</strong></span> <span class='ocrx_word' id='word_1_246' title='bbox 1397 3468 1429 3524; x_wconf 78' lang='lat' dir='ltr'><strong>ct</strong></span> 
     </span>
    </p>
   </div>
   <div class='ocr_carea' id='block_1_3' title="bbox 313 3554 1426 3672">
    <p class='ocr_par' dir='ltr' id='par_1_4' title="bbox 313 3554 1426 3672">
     <span class='ocr_line' id='line_1_26' title="bbox 313 3554 1426 3672; baseline -0.004 -20"><span class='ocrx_word' id='word_1_247' title='bbox 313 3587 394 3652; x_wconf 85' lang='lat' dir='ltr'><strong>oitcc</strong></span> <span class='ocrx_word' id='word_1_248' title='bbox 408 3596 463 3650; x_wconf 87' lang='lat' dir='ltr'><strong>eto.</strong></span> <span class='ocrx_word' id='word_1_249' title='bbox 487 3583 690 3672; x_wconf 77' lang='lat' dir='ltr'><strong>Stuttgartiae</strong></span> <span class='ocrx_word' id='word_1_250' title='bbox 711 3581 808 3665; x_wconf 81' lang='lat'><strong>1849)</strong></span> <span class='ocrx_word' id='word_1_251' title='bbox 822 3554 909 3670; x_wconf 91' lang='lat' dir='ltr'><strong>ponit</strong></span> <span class='ocrx_word' id='word_1_252' title='bbox 925 3585 1106 3670; x_wconf 79' lang='lat' dir='ltr'><strong>»appetitum</strong></span> <span class='ocrx_word' id='word_1_253' title='bbox 1130 3603 1220 3648; x_wconf 84' lang='lat' dir='ltr'><strong>sexus</strong></span> <span class='ocrx_word' id='word_1_254' title='bbox 1243 3593 1311 3647; x_wconf 89' lang='lat' dir='ltr'><strong>anta</strong></span> <span class='ocrx_word' id='word_1_255' title='bbox 1327 3603 1426 3648; x_wconf 85' lang='lat' dir='ltr'><strong>casum</strong></span> 
     </span>
    </p>
   </div>
   <div class='ocr_carea' id='block_1_4' title="bbox 314 3707 1429 4673">
    <p class='ocr_par' dir='ltr' id='par_1_5' title="bbox 314 3707 1429 4673">
     <span class='ocr_line' id='line_1_27' title="bbox 314 3707 1429 3797; baseline -0.004 -21"><span class='ocrx_word' id='word_1_256' title='bbox 314 3707 377 3776; x_wconf 88' lang='lat' dir='ltr'><strong>non</strong></span> <span class='ocrx_word' id='word_1_257' title='bbox 404 3709 495 3774; x_wconf 85' lang='lat' dir='ltr'><strong>fuisse</strong></span> <span class='ocrx_word' id='word_1_258' title='bbox 523 3720 552 3773; x_wconf 90' lang='lat' dir='ltr'><strong>et</strong></span> <span class='ocrx_word' id='word_1_259' title='bbox 573 3709 682 3774; x_wconf 83' lang='lat' dir='ltr'><strong>fructui</strong></span> <span class='ocrx_word' id='word_1_260' title='bbox 706 3708 821 3774; x_wconf 92' lang='lat' dir='ltr'><strong>arboris</strong></span> <span class='ocrx_word' id='word_1_261' title='bbox 844 3711 980 3774; x_wconf 87' lang='lat' dir='ltr'><strong>scientiae</strong></span> <span class='ocrx_word' id='word_1_262' title='bbox 1003 3711 1212 3795; x_wconf 88' lang='lat' dir='ltr'><strong>proprietatem</strong></span> <span class='ocrx_word' id='word_1_263' title='bbox 1235 3707 1326 3773; x_wconf 74' lang='lat' dir='ltr'><strong>scrisse</strong></span> <span class='ocrx_word' id='word_1_264' title='bbox 1348 3707 1429 3797; x_wconf 79' lang='lat' dir='ltr'><strong>phy·</strong></span> 
     </span>
     <span class='ocr_line' id='line_1_28' title="bbox 316 3832 1427 3922; baseline -0.004 -20"><span class='ocrx_word' id='word_1_265' title='bbox 316 3840 404 3902; x_wconf 89' lang='lat' dir='ltr'><strong>sicam</strong></span> <span class='ocrx_word' id='word_1_266' title='bbox 425 3834 572 3900; x_wconf 83' lang='lat' dir='ltr'><strong>inserendi</strong></span> <span class='ocrx_word' id='word_1_267' title='bbox 592 3832 791 3922; x_wconf 83' lang='lat' dir='ltr'><strong>educendique</strong></span> <span class='ocrx_word' id='word_1_268' title='bbox 808 3833 942 3900; x_wconf 86' lang='lat' dir='ltr'><strong>allectum</strong></span> <span class='ocrx_word' id='word_1_269' title='bbox 957 3835 1078 3910; x_wconf 90' lang='lat' dir='ltr'><strong>huncce,</strong></span> <span class='ocrx_word' id='word_1_270' title='bbox 1094 3837 1305 3922; x_wconf 83' lang='lat' dir='ltr'><strong>proprietatem</strong></span> <span class='ocrx_word' id='word_1_271' title='bbox 1322 3853 1427 3921; x_wconf 86' lang='lat' dir='ltr'><strong>nempe</strong></span> 
     </span>
     <span class='ocr_line' id='line_1_29' title="bbox 316 3949 1427 4048; baseline -0.001 -22"><span class='ocrx_word' id='word_1_272' title='bbox 316 3965 368 4027; x_wconf 86' lang='lat' dir='ltr'><strong>vix</strong></span> <span class='ocrx_word' id='word_1_273' title='bbox 391 3964 483 4048; x_wconf 82' lang='lat' dir='ltr'><strong>magis</strong></span> <span class='ocrx_word' id='word_1_274' title='bbox 507 3959 667 4025; x_wconf 86' lang='lat' dir='ltr'><strong>mirandam</strong></span> <span class='ocrx_word' id='word_1_275' title='bbox 689 3963 740 4038; x_wconf 88' lang='lat' dir='ltr'><strong>iis,</strong></span> <span class='ocrx_word' id='word_1_276' title='bbox 765 3981 839 4048; x_wconf 90' lang='lat' dir='ltr'><strong>quas</strong></span> <span class='ocrx_word' id='word_1_277' title='bbox 867 3960 1031 4046; x_wconf 86' lang='lat' dir='ltr'><strong>pharmacis</strong></span> <span class='ocrx_word' id='word_1_278' title='bbox 1056 3949 1142 4046; x_wconf 75' lang='lat' dir='ltr'><strong>quam</strong></span> <span class='ocrx_word' id='word_1_279' title='bbox 1168 3959 1303 4046; x_wconf 90' lang='lat' dir='ltr'><strong>plurimis</strong></span> <span class='ocrx_word' id='word_1_280' title='bbox 1331 3960 1427 4025; x_wconf 86' lang='lat' dir='ltr'><strong>inesse</strong></span> 
     </span>
     <span class='ocr_line' id='line_1_30' title="bbox 317 4082 1427 4172; baseline -0.005 -19"><span class='ocrx_word' id='word_1_281' title='bbox 317 4090 388 4154; x_wconf 88' lang='lat' dir='ltr'><strong>satis</strong></span> <span class='ocrx_word' id='word_1_282' title='bbox 410 4097 515 4151; x_wconf 90' lang='lat' dir='ltr'><strong>notum</strong></span> <span class='ocrx_word' id='word_1_283' title='bbox 538 4099 607 4151; x_wconf 71' lang='lat' dir='ltr'><strong>ests</strong></span> <span class='ocrx_word' id='word_1_284' title='bbox 642 4085 721 4170; x_wconf 78' lang='lat' dir='ltr'><strong>Quid</strong></span> <span class='ocrx_word' id='word_1_285' title='bbox 743 4083 856 4150; x_wconf 78' lang='lat' dir='ltr'><strong>multa?</strong></span> <span class='ocrx_word' id='word_1_286' title='bbox 890 4083 997 4150; x_wconf 87' lang='lat' dir='ltr'><strong>Omnes</strong></span> <span class='ocrx_word' id='word_1_287' title='bbox 1020 4082 1093 4160; x_wconf 88' lang='lat' dir='ltr'><strong>lere,</strong></span> <span class='ocrx_word' id='word_1_288' title='bbox 1117 4086 1169 4172; x_wconf 87' lang='lat' dir='ltr'><strong>qui</strong></span> <span class='ocrx_word' id='word_1_289' title='bbox 1191 4083 1227 4150; x_wconf 80' lang='lat' dir='ltr'><strong>cle</strong></span> <span class='ocrx_word' id='word_1_290' title='bbox 1250 4084 1305 4150; x_wconf 81' lang='lat' dir='ltr'><strong>hec</strong></span> <span class='ocrx_word' id='word_1_291' title='bbox 1326 4105 1427 4150; x_wconf 88' lang='lat' dir='ltr'><strong>narra·</strong></span> 
     </span>
     <span class='ocr_line' id='line_1_31' title="bbox 316 4210 1428 4300; baseline -0.004 -22"><span class='ocrx_word' id='word_1_292' title='bbox 316 4217 397 4278; x_wconf 90' lang='lat' dir='ltr'><strong>tione</strong></span> <span class='ocrx_word' id='word_1_293' title='bbox 426 4213 595 4300; x_wconf 88' lang='lat' dir='ltr'><strong>simpliciter</strong></span> <span class='ocrx_word' id='word_1_294' title='bbox 621 4212 788 4276; x_wconf 90' lang='lat' dir='ltr'><strong>ratiocinari</strong></span> <span class='ocrx_word' id='word_1_295' title='bbox 819 4210 989 4288; x_wconf 86' lang='lat' dir='ltr'><strong>voluerunt,</strong></span> <span class='ocrx_word' id='word_1_296' title='bbox 1014 4211 1139 4298; x_wconf 85' lang='lat' dir='ltr'><strong>quisque</strong></span> <span class='ocrx_word' id='word_1_297' title='bbox 1167 4229 1250 4274; x_wconf 88' lang='lat' dir='ltr'><strong>suam</strong></span> <span class='ocrx_word' id='word_1_298' title='bbox 1278 4211 1356 4275; x_wconf 82' lang='lat' dir='ltr'><strong>viam</strong></span> <span class='ocrx_word' id='word_1_299' title='bbox 1382 4212 1428 4275; x_wconf 92' lang='lat' dir='ltr'><strong>in·</strong></span> 
     </span>
     <span class='ocr_line' id='line_1_32' title="bbox 318 4335 1428 4426; baseline -0.002 -24"><span class='ocrx_word' id='word_1_300' title='bbox 318 4359 453 4426; x_wconf 82' lang='lat' dir='ltr'><strong>gressus,</strong></span> <span class='ocrx_word' id='word_1_301' title='bbox 477 4336 514 4401; x_wconf 92' lang='lat' dir='ltr'><strong>ad</strong></span> <span class='ocrx_word' id='word_1_302' title='bbox 538 4335 662 4402; x_wconf 86' lang='lat' dir='ltr'><strong>cundem</strong></span> <span class='ocrx_word' id='word_1_303' title='bbox 685 4335 771 4402; x_wconf 89' lang='lat' dir='ltr'><strong>linem</strong></span> <span class='ocrx_word' id='word_1_304' title='bbox 794 4347 1005 4423; x_wconf 83' lang='lat' dir='ltr'><strong>pervenerunt,</strong></span> <span class='ocrx_word' id='word_1_305' title='bbox 1029 4335 1153 4413; x_wconf 88' lang='lat' dir='ltr'><strong>scilicet,</strong></span> <span class='ocrx_word' id='word_1_306' title='bbox 1176 4335 1331 4400; x_wconf 82' lang='lat' dir='ltr'><strong>historiam</strong></span> <span class='ocrx_word' id='word_1_307' title='bbox 1354 4335 1428 4423; x_wconf 91' lang='lat' dir='ltr'><strong>lapsi</strong></span> 
     </span>
     <span class='ocr_line' id='line_1_33' title="bbox 319 4459 1428 4550; baseline 0 -24"><span class='ocrx_word' id='word_1_308' title='bbox 319 4460 425 4526; x_wconf 87' lang='lat' dir='ltr'><strong>Adami</strong></span> <span class='ocrx_word' id='word_1_309' title='bbox 448 4462 631 4550; x_wconf 85' lang='lat' dir='ltr'><strong>allegoricam</strong></span> <span class='ocrx_word' id='word_1_310' title='bbox 657 4481 736 4538; x_wconf 88' lang='lat' dir='ltr'><strong>esse,</strong></span> <span class='ocrx_word' id='word_1_311' title='bbox 760 4473 790 4525; x_wconf 89' lang='lat' dir='ltr'><strong>et</strong></span> <span class='ocrx_word' id='word_1_312' title='bbox 811 4459 917 4524; x_wconf 85' lang='lat' dir='ltr'><strong>Adami</strong></span> <span class='ocrx_word' id='word_1_313' title='bbox 941 4459 1056 4548; x_wconf 85' lang='lat' dir='ltr'><strong>culpam</strong></span> <span class='ocrx_word' id='word_1_314' title='bbox 1084 4463 1114 4527; x_wconf 94' lang='lat' dir='ltr'><strong>in</strong></span> <span class='ocrx_word' id='word_1_315' title='bbox 1136 4461 1265 4527; x_wconf 81' lang='lat' dir='ltr'><strong>seruulis</strong></span> <span class='ocrx_word' id='word_1_316' title='bbox 1287 4463 1428 4550; x_wconf 89' lang='lat' dir='ltr'><strong>concupi·</strong></span> 
     </span>
     <span class='ocr_line' id='line_1_34' title="bbox 321 4583 1004 4673; baseline -0.003 -22"><span class='ocrx_word' id='word_1_317' title='bbox 321 4589 446 4651; x_wconf 84' lang='lat' dir='ltr'><strong>scantiae</strong></span> <span class='ocrx_word' id='word_1_318' title='bbox 469 4585 563 4650; x_wconf 89' lang='lat' dir='ltr'><strong>abusu</strong></span> <span class='ocrx_word' id='word_1_319' title='bbox 587 4583 805 4673; x_wconf 89' lang='lat' dir='ltr'><strong>quodammodo</strong></span> <span class='ocrx_word' id='word_1_320' title='bbox 829 4587 1004 4650; x_wconf 86' lang='lat' dir='ltr'><strong>constitisse.</strong></span> 
     </span>
    </p>
   </div>
   <div class='ocr_carea' id='block_1_5' title="bbox 0 0 1600 5186">
    <p class='ocr_par' dir='ltr' id='par_1_6' title="bbox 0 0 1600 5186">
     <span class='ocr_line' id='line_1_35' title="bbox 0 0 1600 5186; baseline 0 0"><span class='ocrx_word' id='word_1_321' title='bbox 0 0 1600 5186; x_wconf 95' lang='lat' dir='ltr'><strong> </strong></span> 
     </span>
    </p>
   </div>
  </div>
 </body>
</html>
