3160 5170
774 301 987 414 ...III-

317 512 490 594 γίγνεσθαι
511 506 816 600 υιιυιροιιιιυιιιυετό
839 512 938 589 etna»,
961 521 1087 599 quantas
1109 507 1214 578 turbas
1238 512 1348 576 cierent
1368 509 1442 576 Ilia·

316 636 433 702 lectioiI
458 637 524 731 ,Eos
548 639 599 725 qui
621 635 710 702 fidem
726 633 838 702 Christi
859 637 1039 724 profitentur
1052 634 1141 701 honis
1165 634 1311 724 operibus
1327 638 1442 700 incum-

316 761 387 828 hcre
415 775 446 827 et
474 774 594 850 oportet
622 773 652 826 et
680 783 757 848 opus
786 774 840 826 est.
880 762 983 850 Itaque
1009 763 1142 839 tametsi,
1171 767 1219 826 ut'
1236 758 1441 826 catechismus

316 887 500 976 Anglicanus
525 886 620 964 docet,
644 886 718 950 nihil
741 885 778 950 ab
800 888 838 951 iis
859 889 911 974 qui
925 884 1116 974 baptizantur
1131 888 1309 973 requirimus
1323 898 1443 972 praeter

316 1013 547 1098 resipiscentiam
571 1023 600 1077 et
621 1011 723 1089 fidem,
747 1024 846 1076 tamen
870 1024 1057 1098 susceptores
1078 1011 1223 1098 baptizati
1237 1009 1359 1076 infantis
1373 1009 1442 1097 pol·

315 1137 456 1215 licentur,
485 1159 547 1202 non
577 1137 674 1202 solum
702 1140 933 1224 resipiscentiam
956 1137 1020 1223 ejus
1043 1149 1073 1203 et
1093 1135 1197 1215 fidem,
1225 1137 1441 1202 verumetiam

316 1285 403 1328 eum«
427 1275 558 1328 sanctam
573 1261 629 1326 Dei
643 1262 827 1326 voluntatem
850 1275 880 1326 et
901 1262 979 1326 illius
1002 1261 1140 1326 mandata
1161 1273 1349 1326 servaturum
1364 1279 1439 1337 esse,

317 1400 347 1452 et
368 1391 399 1452 in
422 1391 458 1452 iis
481 1400 625 1475 perpetuo
651 1386 896 1452 ambulaturum«
929 1385 1004 1452 Nam
1022 1359 1068 1450 ita
1091 1386 1208 1451 demum
1232 1408 1250 1450 a
1271 1388 1368 1473 primo
1387 1384 1440 1448 illo

316 1535 411 1600 aquae
426 1512 575 1600 baptismo
592 1513 630 1577 ad
646 1512 808 1578 secundum
825 1512 955 1600 Spiritus
970 1509 1159 1598 baptismum,
1180 1532 1255 1598 quac
1270 1524 1317 1575 est
1330 1511 1441 1576 saneti-

315 1637 414 1702 ficatio
437 1651 550 1716 nostra,
576 1638 751 1703 accedimus.
786 1637 930 1724 Denique,
954 1635 1133 1702 vocabulum
1147 1636 1233 1701 saltas
1246 1635 1293 1700 vel
1308 1635 1440 1700 salecto

316 1763 478 1849 duplicem,
502 1765 522 1826 i.
540 1785 565 1826 e.
581 1775 641 1826 tam
657 1766 788 1850 priorem
804 1783 892 1850 συιιυ
906 1762 1078 1827 ulteriorem
1093 1761 1337 1850 significationem
1351 1781 1440 1848 prae-

315 1899 384 1952 stat.
419 1887 594 1974 Baptizatos
618 1910 720 1954 omnes
742 1889 843 1952 saluos
865 1909 930 1952 esse
953 1883 985 1970 (i.
1002 1910 1027 1952 e.
1045 1883 1241 1971 σωζομένους
1256 1885 1304 1954 vel
1324 1887 1377 1972 qui
1400 1883 1440 1948 ad

314 2013 440 2076 salutem
470 2012 707 2100 consequendam
735 2017 791 2078 iter
817 2007 996 2099 incipiunt),
1027 2014 1098 2076 satis
1127 2024 1253 2077 testatem
1275 2010 1359 2074 locus
1390 2009 1439 2076 Ille

314 2138 498 2214 notissimus,
521 2137 589 2204 Act.
606 2137 715 2225 Apost
730 2137 764 2201 Π.
788 2161 837 2202 vv.
853 2135 1008 2203 40-47.
1045 2137 1086 2202 Et
1107 2135 1276 2224 symbolum
1298 2145 1438 2200 nostrum

314 2261 551 2327 Athanasiauum
579 2267 636 2327 rite
663 2261 805 2326 declarat:
835 2264 1025 2351 »quicunque
1047 2263 1113 2328 vult
1133 2262 1236 2328 salom
1258 2283 1337 2339 esse,
1368 2272 1439 2326 aute

315 2363 414 2450 omnia
443 2409 520 2474 opus
551 2399 597 2451 est
625 2399 659 2451 ut
690 2399 789 2484 teneat
814 2386 902 2452 fidem
933 2388 1144 2467 catholicam«
1172 2387 1203 2451 h.
1228 2409 1253 2451 e.
1282 2386 1370 2452 fidem
1401 2385 1439 2451 de

317 2509 514 2576 Saerosancta
530 2511 692 2590 Trinitat03
716 2533 802 2576 nemo
826 2515 902 2576 enim
918 2515 948 2576 iu
962 2511 1122 2578 Ecclesiam
1137 2525 1297 2598 cooptatur
1310 2514 1369 2577 nisi
1385 2513 1439 2598 qui

313 2634 484 2722 baptizatus
512 2635 601 2700 luerit
629 2639 660 2700 iu
689 2640 808 2701 nomine
835 2637 932 2702 Patris
962 2649 992 2702 et
1018 2635 1086 2701 Filii
1114 2649 1144 2701 et
1172 2635 1304 2723 Spiritus
1334 2634 1438 2702 Sancti

314 2756 435 2842 (Matth.
451 2760 593 2836 XXVIII,
618 2755 681 2841 19).
718 2759 779 2826 Sed
800 2759 878 2826 idem
901 2760 1070 2849 symbolum
1091 2763 1283 2848 pronuntiat:
1312 2783 1436 2826 »omnes

312 2885 448 2948 homines
470 2887 614 2949 rationem
637 2884 807 2951 reddituros
831 2907 895 2950 esse
919 2885 955 2950 dc
977 2886 1061 2951 lactis
1076 2888 1217 2972 propriis,
1242 2899 1272 2950 et
1287 2889 1339 2974 qui
1353 2884 1436 2952 bona

313 3011 440 3096 egerint,
475 3011 572 3074 ituros
599 3012 631 3073 in
659 3011 750 3074 vitam
780 3023 942 3088 aeternam,
976 3014 1028 3099 qui
1056 3033 1127 3076 vero
1156 3011 1247 3089 mala,
1276 3014 1309 3076 in
1336 3014 1435 3099 ignem

313 3145 493 3197 aeternum«
534 3133 590 3198 Est
621 3137 713 3223 igitur
741 3136 866 3200 ulterior
893 3135 1032 3201 vocabuli
1061 3137 1217 3222 σωτηρίας
1244 3136 1433 3225 significatio.

310 3257 443 3324 Deuotat
461 3281 524 3323 non
538 3257 628 3323 modo
646 3261 858 3347 ingressionem
873 3264 904 3325 in
918 3261 1078 3328 Ecclesiam
1093 3260 1252 3339 visibilem,
1277 3261 1332 3327 sed
1346 3265 1435 3327 etiam

310 3381 546 3448 conciliationem
560 3387 639 3448 vitae
662 3397 805 3452 aeternae.
839 3385 919 3452 Haec
942 3399 1040 3452 aumm
1063 3407 1101 3451 ex
1123 3389 1249 3452 introitu
1266 3387 1313 3452 vel
1334 3389 1434 3454 initia·

309 3509 392 3572 tione
422 3507 580 3594 cujuslibet
608 3509 737 3574 hominis
767 3509 917 3596 profluere
945 3531 1007 3576 uon
1035 3519 1151 3597 potest;
1185 3531 1254 3576 uam
1283 3511 1368 3600 quod
1396 3512 1433 3578 de

308 3634 530 3696 circumcisione
557 3632 683 3711 Paulus,
719 3634 797 3699 idem
829 3658 886 3700 nos
921 3634 957 3701 de
986 3634 1135 3723 baptismo
1165 3635 1260 3702 dicero
1289 3635 1433 3704 debemus

309 3751 389 3838 (Gal.
401 3756 458 3832 VI,
478 3751 548 3838 15):
578 3755 616 3821 ἐν
636 3759 766 3847 Χριστῷ
783 3756 886 3844 Ἰησοῦ
909 3755 986 3825 οὔτε
1007 3759 1161 3848 περιτομή
1182 3785 1214 3827 τι
1235 3757 1337 3844 loxias
1358 3761 1434 3828 orins

308 3874 520 3965 ἀκροβυστία,
551 3873 639 3945 ἀλλὰ
667 3878 761 3968 καινὴ
791 3885 903 3962 κτίσις,
931 3898 962 3950 et
987 3886 1060 3974 quid
1083 3889 1123 3952 sit
1144 3887 1193 3952 illa
1215 3882 1310 3973 καινὴ
1333 3889 1433 3963 κτίσις

305 4008 370 4070 sive
397 4027 477 4070 nova
499 4008 561 4069 vita
587 4006 650 4092 jam
678 4019 745 4072 aute
775 4007 917 4074 docuerat
940 4005 990 4093 (V,
1008 4009 1059 4094 6);
1089 4023 1135 4078 est
1157 4015 1234 4078 enim
1257 4013 1362 4087 πίστις
1385 4007 1428 4078 δι’

306 4120 436 4216 &parops
462 4128 685 4218 ἐνεργουμένη,
714 4153 782 4196 nam
805 4135 874 4200 viva
901 4135 952 4199 illa
976 4136 1061 4226 fides
1082 4159 1163 4224 quoe
1184 4159 1249 4224 per
1270 4139 1431 4204 cueitatcm

278 4217 293 4244 ⁸
307 4265 456 4340 operator
477 4260 609 4320 contiuet
630 4258 661 4321 in
684 4279 716 4324 so
728 4256 948 4345 perfectionem
963 4262 1041 4326 vitae
1058 4257 1254 4340 Christianae,
1278 4262 1317 4328 ad
1340 4283 1430 4351 quam

306 4380 394 4446 etiam
409 4382 554 4468 proditor
566 4381 764 4452 Israelitarum
786 4382 962 4472 partiacbat,
987 4387 1129 4474 quoniam
1149 4380 1313 4474 πλήρωμα
1326 4385 1430 4475 νόμον
