3164 5176
605 375 815 486 *Q

150 611 165 654 e
187 589 335 676 margine,
360 585 412 652 ubi
435 587 550 673 aliquis,
576 588 628 673 qui
651 563 852 652 sublimiorem
874 587 1069 663 locutionem,
1095 609 1169 674 quae
1184 609 1269 674 prae·

152 713 243 789 cedit,
267 712 414 778 illustram
430 712 539 789 voluit,
565 714 836 798 interpretationem
859 735 942 776 suam
958 712 1162 798 adscripscrat.
1198 711 1270 778 Cui·

151 860 219 902 nam
245 841 353 924 quovis
368 849 500 923 tempore
515 839 622 902 mirum
637 835 774 902 videatur
788 840 813 901 si
830 836 944 902 »nubes
960 858 1066 924 aquam
1082 836 1269 910 destillantis

150 961 231 1028 Num
253 962 385 1037 aliunde,
414 981 503 1047 quam
526 983 542 1024 a
565 959 710 1037 nubibus,
733 961 851 1046 pluvias
873 960 1132 1048 exspectabimus?
1166 959 1270 1026 Obiter

150 1109 260 1152 moneo
276 1087 556 1174 lexicograpborum
572 1089 682 1172 gratia,
706 1086 832 1151 radicem
848 1078 1083 1173 monosyllabum
1098 1084 1180 1149 verbi
1196 1091 1269 1189 qtpp

151 1235 216 1277 csse
239 1217 294 1317 ἣᾯ
308 1205 338 1296 ¹),
363 1233 438 1297 quae
454 1211 555 1276 eadem
570 1224 615 1275 est
631 1224 718 1298 atque
734 1224 838 1276 nostra
853 1211 970 1288 »derv«,
996 1211 1168 1286 Temenion,
1186 1209 1269 1274 lbou.

241 1337 275 1400 In
296 1337 399 1402 ultima
421 1358 525 1402 versus
549 1339 645 1422 quinti
668 1337 799 1400 clausula
821 1338 938 1423 phrasis
962 1341 1036 1428 *le
1056 1344 1114 1441 «ΠΣ,
1143 1357 1218 1423 quae
1242 1349 1271 1399 et

151 1466 184 1526 in
211 1461 323 1526 Psalmi
351 1461 417 1525 loco
446 1461 586 1547 parallelo
617 1466 759 1539 occurrit,
793 1462 875 1526 haud
903 1465 1040 1548 exiguam
1069 1460 1269 1526 difficultatem

150 1589 240 1673 parit.
288 1585 387 1667 Quum
416 1589 493 1650 enim
521 1609 607 1650 mons
635 1585 718 1652 Sinai
747 1586 834 1673 longe
863 1598 994 1651 remotus
1022 1599 1101 1650 esset
1127 1609 1145 1650 a
1170 1600 1270 1652 monte

152 1710 289 1786 Tabore,
319 1713 435 1797 poetria
458 1713 510 1774 vix
534 1710 629 1776 dicere
656 1714 805 1797 potuisset
827 1711 896 1776 »hic
919 1709 1037 1787 Sinai«,
1068 1715 1153 1798 qnasi
1176 1711 1270 1799 digito

151 1835 286 1901 indicans
310 1834 459 1900 absentem
482 1835 560 1900 illam
576 1835 789 1923 Theophaniae
813 1836 920 1900 sedem.
936 1805 938 1808 Ι
956 1835 1110 1902 Praeterea
1132 1837 1204 1900 haec
1225 1836 1271 1900 lo·

152 1964 234 2026 cutio
266 1981 340 2048 quae
369 1963 400 2024 in
422 1959 540 2025 Psalmo
570 1981 658 2026 suum
682 1961 781 2026 locum
806 1959 933 2037 obtinet,
963 1964 1122 2028 innostro
1146 1964 1271 2026 carmine

152 2107 293 2152 numeros
316 2089 431 2173 migrat.
479 2083 577 2166 Quare
601 2089 746 2150 assentior
770 2083 953 2172 Gnmpacbio
978 2083 1094 2173 (p.'55)
1117 2087 1272 2151 molestam

152 2212 334 2276 locutionem
357 2213 434 2274 inter
455 2213 561 2276 iterata
583 2208 673 2276 verba
696 2214 781 2282 tltt'll
804 2217 888 2282 illm
912 2214 1051 2276 insertam
1074 2211 1252 2276 extrudenti.

244 2359 273 2399 v.
291 2333 321 2400 6.
356 2335 502 2399 inversu
531 2348 616 2398 sexto
640 2333 759 2399 Debora
787 2333 929 2400 infelicem
952 2336 1148 2400 israelitarum
1170 2335 1273 2400 condi·

153 2463 265 2525 tionem
289 2471 446 2546 antequam
467 2462 534 2545 ipsa
557 2461 748 2535 surrexisset,
777 2462 852 2524 vivis
875 2459 1026 2524 coloribus
1049 2463 1080 2523 in
1103 2463 1272 2525 memoriam

154 2597 283 2649 revocat.
326 2584 446 2648 Vixisse
470 2582 588 2670 quidem
612 2582 662 2647 illo
685 2595 818 2670 tempore
840 2587 937 2648 virum
960 2561 1153 2648 fortissimum
1177 2584 1272 2670 qualis

114 2765 116 2768 ,
155 2723 234 2774 esset
257 2707 422 2794 Sbompar,
451 2707 503 2772 sed
526 2729 598 2772 suos
622 2730 639 2771 a
662 2711 784 2774 servitio
807 2731 869 2773 non
891 2711 1026 2795 potuisse
1049 2708 1182 2774 liberare.
1228 2708 1272 2771 De

156 2833 328 2921 Shamgaris
352 2832 480 2898 facinore
503 2837 574 2898 satis
598 2845 714 2898 constat
736 2855 775 2898 ex
798 2836 885 2898 tertio
902 2834 1039 2902 tadicum
1063 2837 1167 2919 capite.
1199 2832 1273 2915 Quis

156 2972 254 3024 autem
282 2957 371 3022 inerit
396 2957 492 3024 Jabel
517 2958 580 3035 ille,
610 2961 661 3045 qui
690 2962 721 3022 in
748 2959 948 3024 Masoretbicc
979 2972 1064 3024 textu
1093 2961 1272 3035 nominatur,

155 3086 264 3150 nemini
295 3095 476 3169 compertum
506 3096 560 3148 cst.
607 3081 738 3149 Uxorem
768 3083 896 3150 Cdeberi
927 3085 985 3148 boc
1019 3084 1086 3148 loco
1117 3083 1274 3171 significari

90 3227 95 3234 ·
155 3229 262 3297 parum
284 3207 439 3296 probabile
461 3221 515 3274 est.
559 3206 686 3295 Vigebat
708 3212 784 3273 enim
807 3207 935 3291 Jalela,
960 3209 1059 3274 Sisrac
1082 3207 1272 3286 interfectrix,

156 3337 287 3421 spirante
322 3333 418 3398 adbuc
454 3345 484 3397 et
518 3345 637 3398 canente
666 3331 794 3396 chora.
841 3333 881 3396 Et
907 3355 999 3418 quum
1028 3333 1159 3398 Jaletae
1188 3335 1274 3396 istius

156 3460 295 3548 gloriam3
321 3480 412 3546 acque
436 3481 469 3522 ac
492 3479 591 3534 suam,
616 3460 647 3520 in
670 3457 728 3520 boc
745 3433 867 3521 Cantico
888 3459 1004 3543 poetria
1020 3469 1121 3522 nostra
1136 3455 1274 3521 laudibus

157 3585 294 3660 extollat,
331 3585 383 3670 qui
411 3583 474 3647 fieri
501 3595 614 3669 potest,
652 3594 686 3645 ut
714 3593 868 3667 tantopere
897 3580 1061 3670 distinguat
1088 3585 1164 3646 inter
1192 3602 1275 3645 snam
1352 3595 1354 3598 ’

157 3712 312 3774 victoriam
340 3720 369 3771 et
398 3707 529 3772 Jabeloe
563 3705 695 3793 ejusdem
724 3706 949 3794 impotentiam?
985 3707 1139 3772 Praeterea
1167 3728 1275 3770 nornen

156 3810 238 3937 ¹732,
270 3837 290 3897 i.
308 3855 332 3897 e.
356 3834 529 3919 mtpicapru
551 3832 598 3898 vel
625 3833 710 3913 abere,
740 3831 855 3896 mulieri
883 3835 976 3920 magis
1005 3855 1093 3919 qnam
1116 3835 1181 3896 viro
1206 3852 1276 3894 eon·

158 3961 256 4035 venit;
285 3971 315 4022 et
338 3959 421 4046 quod
444 3956 481 4022 ad
504 3956 665 4022 Kinnaeam
689 3957 767 4022 illam
790 3960 908 4033 attinet,
934 3961 1018 4043 cnjus
1041 3978 1148 4022 nomen
1171 3954 1277 4042 populi

235 4175 1277 4248 bfflffihmfflmmmmmmfflmmmdmmmmmfflm

158 4272 1277 4346 tmffimmffl,mfflmmmmmsmmmmmstummmfflmQ

158 4375 225 4442 dtu,
244 4391 320 4444 quam
338 4376 456 4444 proxime
476 4375 599 4444 exprimat
618 4372 687 4438 (vide
700 4371 792 4426 Maskil
807 4370 963 4444 lc·Sopber,
982 4389 1006 4444 p.
1020 4368 1044 4424 7.
1072 4369 1135 4425 New
1147 4369 1276 4444 cratylus,

159 4469 249 4542 §lut
268 4481 293 4528 et
312 4473 343 4530 de
363 4472 456 4528 Graeca
473 4478 507 4538 θ,
526 4472 570 4528 Gr.
584 4470 627 4526 Gr.
646 4472 701 4526 Art.
716 4467 750 4526 18
759 4470 792 4540 l).
