3160 5170
695 317 767 390 tot

167 525 217 588 illa
239 524 388 603 Mosaiea,
420 546 496 611 quae
525 524 706 590 confidenter
735 525 871 611 equidem
900 529 1020 613 quintae
1044 526 1200 592 Jasharani
1224 527 1292 592 libri

168 651 247 736 parti
269 648 388 728 tribuo,
416 652 514 716 statim
536 663 608 738 post
630 649 703 714 hacc
724 662 896 738 praccepta,
922 671 998 738 quae
1023 665 1158 740 quartam
1182 665 1211 717 et
1233 675 1294 719 me·

169 773 247 838 diam
271 774 404 860 ejusdem
427 775 495 841 libri
516 787 630 863 partem
647 773 915 861 comprehendunt,
941 776 1135 842 exscribenda
1151 781 1274 844 curarit.

257 899 310 966 IV.
342 898 434 966 Unica
456 903 522 988 piac
545 899 704 987 probitatis
726 914 885 989 praecepta
908 923 946 966 cx
968 900 1045 967 libro
1070 901 1294 968 Deuteronomii

168 1025 297 1113 petenda
320 1047 384 1091 esse
407 1025 495 1092 nobis
516 1025 633 1091 Auctor
655 1037 701 1090 est
723 1023 943 1105 sanctissimus,
969 1029 1021 1114 qui
1046 1030 1178 1092 omnium
1200 1031 1295 1092 instar

169 1150 326 1216 habendus
342 1164 402 1230 est,
427 1151 514 1218 lesus
531 1149 680 1217 Christus.
717 1146 749 1233 a)
769 1149 867 1234 Quum
883 1155 959 1218 ritus
975 1153 1042 1218 illos
1059 1165 1089 1217 et
1104 1155 1292 1232 ceremonias,

169 1276 313 1342 sacrificia
335 1289 364 1341 et
386 1277 563 1354 oblationes,
588 1275 698 1362 quibus
719 1288 833 1341 tantum
850 1277 1020 1344 tribuerunt
1035 1281 1082 1342 sui
1098 1282 1163 1342 aevi
1178 1277 1293 1356 ludaei,

167 1401 257 1467 Jesus
273 1405 378 1468 vivens
401 1403 579 1490 neglexerit,
604 1405 732 1467 moriens
756 1415 854 1467 autem
876 1424 1003 1491 prorsus
1027 1405 1189 1491 antiquarit
1205 1416 1293 1490 atque

168 1526 336 1615 abrogarit,
368 1527 446 1592 dixit
473 1539 571 1594 tamen
595 1527 706 1593 »nolite
728 1540 835 1616 putare
857 1551 902 1593 me
923 1532 1039 1594 venisse
1062 1541 1098 1594 ut
1119 1526 1294 1616 abrogarem

167 1653 263 1740 legem
287 1665 340 1717 aut
361 1653 540 1741 prophetas;
570 1675 631 1718 non
655 1656 722 1718 veni
745 1665 781 1717 ut
804 1653 993 1742 abrogarem,
1017 1675 1121 1720 verum
1144 1666 1179 1718 ut
1201 1654 1294 1718 adim-

166 1776 295 1865 plerem;
319 1778 417 1842 ameni
443 1761 507 1843 dico
531 1778 627 1855 vobis,
653 1777 747 1843 donce
770 1791 901 1844 transeat
924 1778 1038 1845 coelum
1062 1791 1092 1843 et
1113 1792 1206 1857 terra,
1231 1782 1294 1844 iota

168 1922 262 1967 unum
286 1915 339 1968 aut
360 1925 438 1968 unus
462 1925 540 1992 apex
561 1925 623 1968 non
645 1903 818 1991 praeteribit
841 1903 951 1992 alege,
977 1903 1071 1969 donec
1087 1909 1184 1968 omnia
1200 1905 1293 1968 fiante

169 2023 292 2110 (Matth.
304 2026 342 2106 V,
362 2027 412 2105 17,
432 2024 497 2110 18).
532 2027 633 2093 lesum
655 2028 704 2092 hic
727 2027 852 2106 dixisse,
877 2051 939 2093 non
962 2029 998 2093 de
1021 2032 1142 2094 minutis
1165 2051 1294 2096 ceremo-

168 2155 235 2230 niis,
261 2153 314 2218 sed
338 2152 373 2217 dc
396 2153 447 2217 illo
464 2153 519 2217 Dei
542 2154 730 2241 hominisque
752 2177 866 2231 amore,
892 2177 950 2219 »cx
971 2176 1031 2243 quo
1047 2155 1212 2241 penderent
1226 2157 1294 2219 uni·

169 2300 256 2343 versa
278 2277 328 2342 lex
351 2290 380 2342 ct
401 2279 585 2366 prophetae«
610 2273 730 2361 (Matth.
747 2279 847 2356 XXII,
867 2275 1028 2362 37-40),
1059 2279 1207 2366 probatur
1229 2292 1293 2344 tota

170 2406 265 2491 ipsius
295 2402 449 2490 disciplina
477 2425 510 2468 ac
539 2404 682 2469 doctrina.
730 2400 761 2485 b)
792 2403 891 2486 Quum
920 2406 961 2467 ita
989 2406 1179 2490 conjunxerit
1200 2404 1293 2491 legem

170 2539 199 2594 et
220 2528 400 2616 prophetas,
425 2541 460 2593 ut
482 2529 551 2594 alibi
575 2529 697 2594 diceret:
729 2549 867 2592 enecesse
890 2540 935 2592 est
957 2529 1071 2616 impleri
1097 2530 1195 2592 omnia
1218 2549 1293 2614 quae

171 2656 281 2742 scripta
311 2666 382 2718 sunt
410 2657 442 2718 in
472 2655 539 2741 depe
566 2655 665 2720 Mocis
693 2667 722 2718 et
749 2651 915 2739 Prophetis
943 2665 973 2717 et
999 2654 1134 2718 Peahnca
1163 2652 1199 2717 de
1227 2674 1292 2717 me«

172 2775 262 2862 (Luc.
277 2777 389 2856 XXIV,
406 2775 486 2860 44),
517 2791 606 2867 atque
633 2792 668 2845 ut
690 2780 807 2846 Mosem
834 2792 865 2843 ct
886 2778 980 2842 liliam
1010 2799 1109 2843 secum
1138 2777 1293 2865 loquentes

170 2903 346 2970 mirantibus
369 2906 532 2969 triumviris
556 2904 710 2969 exhiberet
733 2901 860 2987 (Matth.
876 2904 976 2982 XVII,
996 2899 1038 2987 1),
1063 2906 1208 2991 spectavit
1231 2905 1293 2966 sine

170 3029 263 3094 dubio
291 3029 329 3093 ad
351 3030 429 3094 illam
452 3029 691 3108 Deuteronomii,
720 3029 939 3118 Prophetarum
963 3042 993 3094 ct
1013 3028 1202 3094 Psalmorum
1225 3027 1294 3092 har·

170 3159 299 3222 moniam
315 3168 403 3244 atquc
419 3168 603 3233 concentum,
623 3178 711 3244 quem
727 3167 820 3242 supra
834 3155 1102 3220 demonstravimus
1122 3175 1291 3241 --nempe

170 3302 232 3347 non
248 3281 398 3359 sacrificia,
416 3280 467 3348 sed
482 3283 621 3368 pietatem
632 3280 697 3345 Deo
713 3293 827 3368 gratam
844 3303 906 3346 esse
923 3292 1120 3366 etaeeeptam.
1151 3273 1179 3361 c)
1194 3277 1293 3360 Quum

171 3406 281 3472 diserta
310 3409 448 3471 citatione
476 3405 515 3469 ad
544 3405 637 3493 legem
659 3405 822 3470 Mosaicam
844 3425 1010 3492 provocare
1034 3405 1291 3490 operaepretium

172 3531 307 3609 duxerit,
336 3553 489 3619 nunquam
511 3529 645 3595 laudavit
666 3530 788 3596 rituales
812 3528 920 3605 libros,
951 3526 1003 3592 sed
1025 3527 1292 3592 Deuteronomium

171 3666 312 3744 tanquam
334 3660 450 3721 unicam
474 3659 679 3721 auctoritatem
702 3653 887 3743 allegandum
907 3655 1029 3718 censuit.
1064 3652 1108 3716 lta
1124 3673 1216 3739 quum
1233 3649 1293 3714 dis·

171 3781 277 3869 cipalis
301 3781 493 3860 describeret,
517 3781 598 3869 quali
615 3784 720 3846 mentis
738 3793 827 3869 atquc
842 3781 932 3845 animi
948 3781 1136 3844 contentione
1150 3779 1215 3864 ipse
1231 3797 1297 3840 ccr··

164 3917 293 3998 utantur,
318 3928 410 3995 quum
432 3905 470 3970 ad
492 3905 645 3993 publicum
668 3906 793 3972 docendi
817 3918 846 3970 et
868 3905 1008 3969 miracula
1030 3902 1168 3992 patrandi
1183 3922 1292 3966 munus

171 4031 336 4109 accederet,
366 4045 412 4098 ter
440 4036 511 4097 citat
538 4031 647 4096 librum
674 4032 914 4108 Deuteronomii,
947 4043 982 4095 ut
1011 4033 1062 4119 qui
1092 4029 1235 4094 auxilium
1265 4035 1294 4090 ct

171 4159 347 4223 solationem
369 4170 534 4246 praestaret
562 4152 688 4239 (Matth.
709 4156 760 4234 lV,
777 4155 809 4220 4.
838 4156 911 4221 Luc.
927 4154 978 4232 lV,
995 4154 1027 4219 4.
1058 4152 1147 4220 Deut.
1163 4153 1237 4230 VIII,
1256 4147 1292 4230 3}

169 4283 279 4349 Matth.
292 4283 343 4358 IV,
357 4281 387 4347 7.
403 4283 476 4349 Luc.
487 4282 539 4360 IV,
553 4280 604 4347 12.
622 4281 768 4358 DeutVl,
784 4277 840 4358 163
859 4279 967 4345 Matth.
979 4279 1030 4358 lV,
1044 4277 1093 4345 10.
1112 4280 1184 4345 Luc.
1195 4278 1248 4356 IV,
1262 4276 1292 4343 8.

170 4405 396 4488 DeutVl,13.
426 4407 471 4486 X,
489 4403 561 4492 20).
606 4407 646 4472 Et
668 4429 760 4495 quum
783 4407 912 4494 primum
935 4417 965 4468 ct
987 4405 1149 4470 secundum
1172 4402 1295 4469 manda·

1026 4523 1080 4582 11*
