3164 5176
633 359 836 470 Q

172 593 231 658 qna
252 569 382 634 Derides
405 569 583 634 philistaeos
613 569 787 656 profligavit
815 565 848 651 (2
871 568 950 636 Sam
970 571 1008 648 V,
1031 569 1084 636 20.
1123 568 1138 634 l
1162 571 1290 658 Paralip.

171 695 250 771 XW,
272 691 325 775 11)
348 699 390 759 ita
413 697 593 780 conjunctim
618 707 841 771 commemoret,
866 707 902 759 ut
924 700 975 782 qui
992 696 1292 788 deboraeauxilium

171 819 304 883 similiter
332 823 364 884 in
392 833 520 906 utroque
550 821 664 906 proelio
688 819 852 884 exbibiurm
877 833 1005 907 putaret.
1050 822 1094 885 Ita
1117 825 1193 886 enim
1216 825 1292 886 vati·

171 947 286 1008 cinmnr
309 940 462 1026 (XXVHl,
483 940 555 1025 2t):
591 944 726 1008 »Etenim
757 948 834 1008 sicut
861 948 893 1008 in
923 959 1022 1010 monte
1045 946 1161 1010 Prazim
1190 959 1293 1034 surget

170 1069 300 1146 Jebova,
332 1073 409 1134 sicut
436 1073 468 1132 in
491 1070 565 1133 valle
593 1091 689 1156 prope
714 1068 876 1134 Gibeonem
906 1070 1141 1136 commovebitur
1164 1071 1201 1135 ad
1223 1095 1291 1157 per-

170 1193 327 1258 ficiendum
358 1215 435 1280 opus
465 1217 566 1271 suum,
602 1193 654 1257 sed
681 1193 756 1259 illud
785 1217 862 1280 opus
891 1199 946 1260 erit
973 1200 1161 1283 peregrinum
1189 1209 1219 1262 et
1245 1199 1292 1262 in-

171 1331 318 1382 suetum«
363 1318 501 1383 Profecto
529 1342 591 1383 non
615 1324 655 1383 ita
677 1320 833 1384 locuturus
857 1320 913 1386 tuit
935 1322 1100 1408 propheta,
1129 1325 1155 1386 si
1177 1321 1290 1386 lacinus

170 1443 293 1529 aliquod
320 1443 486 1508 inauditum
515 1458 545 1508 et
572 1467 625 1532 per
652 1467 682 1508 se
706 1448 736 1507 in
759 1445 884 1526 historia
906 1445 1016 1510 dosuae
1038 1445 1180 1510 traditum
1203 1459 1289 1510 esset

170 1565 211 1634 Ut
225 1567 332 1632 Devidi
349 1581 452 1633 contra
466 1570 654 1645 Philistaeos,
671 1573 712 1632 ita
728 1569 837 1635 dosuee
853 1583 956 1636 contra
972 1569 1161 1635 Canaaneeos
1175 1570 1291 1636 debore

169 1715 231 1756 non
261 1691 366 1756 dubias
396 1693 505 1758 tulerat
534 1699 702 1782 suppetias3
732 1696 781 1758 hic
808 1694 957 1780 lapidibus
986 1695 1137 1782 grandinis
1167 1718 1183 1759 a
1207 1697 1289 1761 coelo

169 1820 267 1882 missis
297 1817 493 1883 caedebantur
523 1821 641 1896 hostes,
672 1821 743 1896 illic,
773 1842 866 1906 quum
889 1819 1004 1885 debora
1030 1821 1132 1884 hostes
1155 1836 1190 1885 ut
1213 1843 1290 1908 aque

167 1957 386 2030 perrumperet,
411 1945 548 2008 coelestia
572 1945 716 2032 quaedam
736 1949 834 2032 signe,
860 1957 894 2009 ut
909 1944 1041 2031 fulgura,
1066 1948 1096 2009 in
1111 1945 1289 2012 Philistaeos

169 2071 259 2132 missa
287 2067 378 2132 luisse
402 2082 519 2133 constet
533 2063 563 2150 ¹).
611 2068 679 2134 Scio
705 2093 767 2136 esse
791 2074 842 2156 qni
866 2081 973 2155 putent
993 2069 1173 2157 Prophetam
1196 2074 1291 2160 respi-

169 2215 234 2256 cere
256 2193 294 2256 ad
316 2217 446 2280 pugnam
470 2193 567 2258 Gebae
592 2199 792 2271 commissam,
817 2216 875 2280 qua
898 2194 1027 2259 Derides
1042 2195 1220 2260 Philisteeos
1244 2200 1290 2262 in-

168 2321 250 2404 genti
273 2318 353 2382 clade
376 2319 471 2383 affecit
495 2316 527 2401 (2
545 2318 624 2383 Sam.
639 2321 677 2396 V,
695 2319 761 2399 25).
808 2318 870 2384 Sed
895 2319 982 2384 Gebc
1005 2341 1065 2382 non
1089 2334 1134 2384 est
1159 2320 1287 2403 Gibeon,

169 2455 197 2506 ct
221 2465 297 2528 quae
321 2443 356 2507 de
378 2444 453 2508 valle
475 2467 571 2530 prope
588 2443 749 2508 Gibeonem
773 2445 901 2508 adesaie
918 2443 1130 2529 significantur,
1156 2457 1290 2530 spectant

167 2567 367 2653 proculdubio
403 2568 441 2632 ad
470 2569 573 2632 vallem
603 2569 784 2656 Ajaloniem,
820 2591 895 2654 quae
929 2571 961 2632 in
990 2566 1153 2654 fragmento
1182 2582 1288 2632 nostro

169 2696 307 2756 occurrit.
334 2693 505 2770 ¹Fulmina,
530 2694 561 2758 id
584 2693 667 2780 quod
691 2715 777 2780 saepe
800 2693 847 2769 fit,
878 2692 1050 2780 grandinem
1073 2693 1151 2756 illam
1174 2692 1290 2779 lapido·

169 2839 231 2880 sam
251 2821 285 2882 ¹in
308 2841 410 2906 pugna
428 2818 578 2884 Gibeonee
602 2822 740 2884 comitata
763 2841 826 2884 esse
850 2819 957 2886 diserte
979 2831 1123 2884 memorat
1137 2819 1288 2904 Josepbus

169 2937 308 3029 (Antiqq.
320 2944 358 3020 V,
379 2942 407 3008 1.
433 2941 539 3026 §lib
564 2941 651 3008 ἔνθα
673 2949 727 3008 καὶ
750 2940 808 3029 τὴν
829 2930 886 3008 τοῦ
907 2943 992 3010 θεοῦ
1008 2946 1193 3028 σννεργείαν
1209 2940 1288 3026 ἔμα-

167 3069 245 3142 θον,
274 3065 525 3158 ἐπισημῄνανοος
554 3065 654 3135 αὐτοῦ
682 3073 833 3154 βρονταῖς
856 3093 889 3135 τε
912 3073 966 3134 καὶ
989 3062 1290 3155 aspernationem

169 3195 223 3256 καὶ
238 3190 377 3278 χαλάζης
391 3197 565 3278 ’καταφορᾷ
580 3194 723 3278 μείζονος
737 3194 791 3280 τῆς
809 3195 980 3280 συνήθους.
1008 3195 1147 3281 Idemque
1162 3208 1289 3259 testatur

167 3316 343 3382 Habaeucus
373 3319 536 3405 propheta,
566 3319 657 3386 modo
682 3320 719 3384 ad
742 3322 821 3383 bunc
844 3321 941 3384 locum
964 3323 1129 3404 respexerit
1151 3316 1213 3399 (tlt,
1234 3315 1287 3401 11)

168 3455 281 3506 elnon
303 3443 477 3530 generaliter
500 3444 645 3532 adsigna
669 3445 784 3510 divinae
807 3445 972 3529 potentine,
998 3464 1073 3527 quae
1089 3443 1235 3506 Israelitas
1258 3447 1289 3508 in

169 3567 285 3632 deserto
310 3568 550 3635 consolabantur.
586 3569 705 3636 Certum
731 3582 776 3636 est
791 3566 852 3664 v.'3
872 3590 910 3632 ex
925 3570 1051 3632 carmine
1068 3567 1167 3652 aliquo
1183 3567 1289 3633 dasba-

167 3713 257 3768 rano,
282 3694 326 3758 vel
351 3693 439 3758 Dent.
456 3695 599 3772 XXXIII,
617 3695 637 3760 2
662 3695 707 3760 vel
731 3695 799 3760 Jud.
813 3691 890 3770 v,t
913 3693 959 3759 vel
981 3691 1098 3756 Psalmo
1114 3691 1286 3768 tXVttt‚7

168 3817 357 3904 desumptum
374 3839 446 3896 esse,
464 3833 493 3884 et
507 3821 570 3886 fieri
585 3833 686 3907 potest
701 3833 735 3884 ut
746 3845 775 3884 v.
787 3818 823 3886 11
844 3839 966 3906 quoque
980 3840 1018 3881 ex
1032 3830 1136 3884 nostro
1153 3829 1288 3902 poemate

153 3948 348 4031 excerpserit
369 3945 531 4032 prophetae
556 3949 597 4010 uit
616 3949 706 4012 euim:
731 3944 821 4022 sset,
846 3945 930 4020 luna,
956 3946 1038 4008 stetit
1054 3946 1084 4006 in
1103 3915 1287 4008 habitaculoz

168 4093 378 4104 ›n—-q-ae-——n

244 4168 262 4234 ¹)
288 4166 371 4230 Quum
395 4167 519 4237 propbeta
545 4171 715 4235 praedicem
741 4175 859 4238 tanquam
884 4166 990 4218 Divinae
1015 4165 1067 4216 irae
1090 4164 1287 4218 instrumentum

167 4261 254 4334 paullo
275 4272 331 4317 ante
351 4263 386 4332 (v.
400 4261 445 4334 17)
465 4273 701 4328 commemorasset,
727 4263 832 4336 colliges
852 4263 910 4316 licet
928 4263 1059 4316 victoriam
1079 4259 1197 4324 Davidis,
1223 4261 1289 4321 sieut

167 4361 277 4428 Josuae,
302 4363 424 4434 grandine
448 4363 599 4418 fulminibus
620 4363 799 4418 commixtam
822 4363 910 4416 hostes
930 4359 1037 4416 coelitus
1058 4357 1225 4413 descendente
1244 4358 1291 4410 ad-

164 4460 248 4531 jntam
267 4477 333 4518 esse-
