3172 5186
694 371 767 443 331

169 603 235 646 rare
258 581 380 645 Deum«
423 578 499 644 Nam
528 602 588 667 quo
616 578 735 644 tandem
768 592 902 667 ternpore
930 581 1009 646 illam
1037 603 1103 646 cum
1132 581 1290 670 Aegyptiis

169 719 199 770 et
221 704 423 791 Aethiopibus
452 708 619 770 societatem
648 707 786 769 invocare
813 707 914 790 potuit
935 727 988 770 rex
1010 707 1202 783 Israeliticus,
1233 709 1289 772 nisi

170 829 227 896 sub
252 831 369 894 initium
396 831 479 916 regni
503 797 691 905 Solomonei,
720 849 813 915 quum
834 827 999 893 Pharaonis
1027 829 1087 894 filia
1113 843 1196 895 tanta
1224 852 1290 896 cum

169 976 298 1043 pompa,
333 965 415 1017 tanta
451 974 516 1016 cum
549 973 617 1040 spe,
653 955 684 1016 in
712 953 853 1039 palatium
881 951 1184 1040 Hierosolymitanum
1210 978 1290 1021 nora

169 1091 267 1166 nupta
288 1081 421 1165 ingressa
444 1076 543 1141 essct?
574 1077 619 1143 lle
640 1076 715 1144 bene
733 1090 896 1165 perspecta,
920 1080 1018 1166 quivis
1035 1091 1175 1166 agnoscet
1188 1078 1291 1168 Aegy·

169 1207 262 1291 ptios,
286 1215 345 1266 tam
368 1214 434 1266 ante
458 1222 547 1289 quam
570 1215 640 1287 post
661 1205 774 1290 primos
797 1201 967 1268 Solomonis
992 1225 1095 1279 annos,
1119 1206 1236 1268 minime
1258 1208 1290 1271 in

171 1351 207 1396 eo
231 1326 431 1392 fuissentin
454 1329 710 1414 participationem
732 1326 872 1392 Judaieae
895 1328 1056 1415 relligionis
1084 1331 1289 1395 invitarentur.

170 1451 270 1518 Antea
297 1455 374 1516 enim
394 1451 532 1516 Israelitis
561 1465 705 1538 perpetuo
736 1450 775 1516 ob
805 1452 908 1516 oculos
937 1451 1112 1518 versabatur
1138 1457 1290 1520 servitutis

170 1577 372 1641 Pharaonicae
394 1579 551 1653 memoria3
575 1590 604 1641 et
625 1589 744 1662 postea,
770 1576 840 1640 dum
864 1575 988 1642 Solomo
1010 1580 1042 1642 in
1065 1591 1213 1644 senectute
1236 1601 1291 1643 sua

172 1726 189 1767 a
211 1701 343 1767 Jehovae
366 1701 448 1766 cultu
471 1699 663 1778 desciscebat,
688 1698 871 1778 Shishokus,
901 1723 955 1766 rex
976 1701 1123 1790 Aegypti,
1153 1705 1291 1790 implaca-

171 1826 246 1891 biles
260 1830 344 1914 regni
357 1824 508 1890 Israelitioi
523 1826 634 1903 hostes,
652 1825 818 1904 Hadadum,
835 1825 1012 1904 Edomitam,
1030 1841 1059 1892 et
1072 1826 1289 1905 Jerobeamum,

171 1949 280 2017 Ncbati
301 1950 403 2028 filium,
431 1952 564 2038 hospitio
589 1949 774 2016 sustentabat
797 1946 827 2032 (1
845 1950 918 2039 Reg.
934 1952 986 2030 Xl,
1007 1951 1056 2030 18,
1073 1948 1147 2034 40);
1175 1966 1204 2018 et
1225 1967 1291 2018 tan-

172 2091 236 2142 tum
259 2074 354 2141 abluit
375 2089 410 2140 nt
431 2075 574 2164 Aegyptii
597 2074 635 2139 ad
658 2075 788 2141 lehovae
818 2077 929 2141 cultum
956 2081 1082 2183 propius
1111 2078 1289 2156 accederent,

172 2216 208 2268 ut
229 2215 334 2266 contra
354 2199 546 2265 Jerobeamus
569 2200 617 2265 ille
640 2222 761 2265 aureum
785 2205 862 2266 tauri
884 2201 1009 2267 Maeuio
1031 2204 1218 2268 simulacrum
1233 2203 1291 2268 Be-

172 2327 250 2393 thelc
284 2339 314 2390 et
340 2326 432 2404 ,Dane
464 2329 596 2413 positum
628 2325 825 2390 Israelitarum
857 2329 1039 2390 venerationi
1073 2327 1292 2394 commendaret

174 2447 206 2533 (l
223 2449 298 2538 Reg.
312 2449 376 2527 ΧΠ,
394 2449 447 2528 28,
465 2448 517 2528 30,
536 2448 589 2526 32,
614 2450 634 2515 2
649 2449 724 2537 Reg.
740 2449 780 2526 X,
797 2447 857 2528 29;
881 2449 917 2513 cl.
933 2449 1069 2536 Lepsius,
1088 2449 1291 2538 Chronologie

174 2576 226 2641 der
247 2575 415 2664 Aegyptcr,
444 2596 475 2662 p.
498 2571 587 2658 326).
627 2572 687 2639 Sed
710 2577 787 2638 inter
809 2570 952 2640 infensam
974 2574 1176 2663 Aegyptiacae
1198 2579 1292 2642 servi-

172 2704 246 2767 tutis
267 2702 436 2766 memoriam
463 2713 493 2765 et
514 2703 679 2765 venientem
700 2699 866 2764 Bethelicac
887 2698 1072 2764 idololatriae
1095 2698 1291 2768 abominatio-

173 2849 254 2904 nem,
285 2825 394 2890 scilicet
416 2824 488 2890 dum
511 2824 682 2890 Solomonis
709 2836 843 2911 potestas
866 2826 1039 2890 intaminata
1060 2825 1125 2890 luce
1148 2824 1289 2913 fulgebat,

175 2950 246 3017 dum
260 2950 425 3016 Pharaonis
448 2950 507 3015 lilia
522 2972 638 3015 summo
658 2950 815 3036 splendore
829 2950 1046 3037 Hierosolymis
1062 2949 1195 3039 degebat,
1220 2950 1291 3016 dum

175 3099 259 3142 socer
285 3097 394 3164 genero
423 3074 552 3141 devictas
576 3073 804 3141 Ganaanitarum
830 3075 920 3140 urbes
943 3075 1024 3140 dono
1048 3075 1153 3154 dabat,
1184 3077 1291 3164 aliique

174 3224 258 3289 reges
281 3199 477 3287 expertibus
503 3200 665 3265 infidelium
688 3204 813 3266 amicum
836 3224 906 3289 erga
927 3202 1073 3290 populum
1095 3201 1292 3267 lasharanum

176 3329 264 3392 animi
296 3325 431 3392 affectum
466 3324 669 3402 ostentabant,
704 3347 766 3390 non
794 3324 916 3390 absurdi
945 3339 1009 3390 erat
1036 3328 1147 3412 ingenii
1174 3349 1292 3414 sperare

176 3464 346 3539 »magnates
375 3472 413 3514 cx
434 3449 576 3539 Aegypto
605 3463 784 3527 venturos,«
819 3453 870 3536 qui
902 3450 1050 3537 supplices
1081 3450 1119 3514 ad
1147 3449 1292 3516 lehovam

174 3579 286 3669 palmas
308 3577 472 3644 tenderent.

266 3702 409 3786 Quintum
432 3712 654 3788 argumentum,
680 3699 777 3787 quod,
801 3711 837 3763 ut
858 3699 930 3763 mihi
953 3697 1073 3786 quidem
1095 3698 1223 3776 videtur,
1247 3703 1294 3763 in·

176 3827 295 3894 dubiam
317 3830 461 3914 temporis
483 3838 585 3891 notam
606 3828 770 3901 ministrat,
797 3825 868 3889 latet
890 3828 921 3888 in
943 3846 1033 3890 versu
1053 3823 1106 3890 28.
1148 3823 1193 3888 lbi
1216 3826 1292 3888 enim

176 3967 264 4042 poeta
286 3965 388 4018 noster
410 3953 452 4016 ita
474 3950 610 4017 Deborac
633 3953 778 4016 canticum
807 3952 954 4028 imitatur,
983 3963 1018 4016 ut
1039 3962 1138 4014 tamen
1160 3947 1292 4014 tribuum

176 4082 295 4146 nomina
323 4099 379 4142 suo
407 4079 565 4164 proposito
597 4079 802 4142 convenientia
824 4075 922 4163 eligat.
963 4074 1029 4140 Jam
1051 4096 1122 4139 vero
1145 4074 1209 4138 fieri
1231 4095 1293 4138 non

176 4217 276 4292 potest
297 4217 333 4269 ut
355 4202 598 4289 septentrionales
620 4200 717 4268 tribus
738 4199 919 4268 Zebulonem
942 4213 972 4265 et
985 4199 1167 4288 Naphthalin
1190 4203 1222 4263 in
1244 4222 1294 4263 so·

176 4328 264 4393 lemni
291 4328 373 4394 aedis
401 4349 500 4393 sacrae
524 4327 706 4393 dedicatione
735 4338 875 4413 tanquam
901 4338 1070 4413 praesentes
1092 4337 1294 4413 repraesenta·

177 4457 261 4532 verit,
284 4456 341 4519 nisi
364 4476 400 4520 eo
422 4465 556 4542 tempore
579 4473 639 4541 quo
663 4455 782 4540 scripsit
803 4463 870 4519 tota
890 4449 1086 4518 Israelitarum
1108 4472 1180 4540 gens
1203 4451 1294 4516 unius
