3160 5170
581 349 790 460 Q

124 561 250 635 tionem‚
276 580 313 624 ex
337 580 396 645 quo
420 571 552 645 tempore
567 555 647 621 duda
669 570 698 621 et
711 557 852 643 Ephraim
870 571 1015 644 perpetuo
1032 561 1156 622 invicem
1172 558 1242 623 odio

125 683 313 746 vexabantur
335 678 407 764 (les.
423 682 480 758 IX,
499 680 551 758 21,
576 681 633 758 XI,
651 675 713 761 13).
747 681 881 768 Denique
897 681 933 746 de
949 681 1142 747 debellatione
1157 683 1244 748 llloa-

125 806 254 870 bitarum
283 821 313 872 et
338 807 559 882 Idumaeorum,
590 828 678 892 quam
708 804 838 869 Davides
868 806 984 870 demum
1015 807 1108 872 ellecit
1136 804 1242 889 (Num.

126 930 236 1007 XXIV,
256 930 307 1009 17,
327 929 377 996 18.
408 929 525 996 2Sam.
539 931 618 1006 Vlll,
636 930 666 1006 2,
687 926 754 1011 lt),
783 933 825 994 ita
851 933 929 996 canit
951 945 1040 1017 poeta
1062 944 1179 1009 noster,
1210 945 1244 996 ut

126 1058 176 1140 qui
199 1077 261 1118 rem
284 1058 454 1120 recentioris
479 1057 643 1142 argumenti
667 1068 813 1119 tractaret.
828 1023 834 1036 .
849 1054 909 1119 Nec
923 1055 1177 1143 Amalequitarum
1192 1079 1244 1121 ex-

126 1180 234 1244 cidium
258 1180 474 1246 ethnitarum
499 1183 696 1266 captivitatem
719 1184 760 1244 ita
784 1194 1038 1246 commemoratam
1063 1181 1242 1258 crediderim,

124 1306 182 1370 nisi
211 1308 237 1368 si
267 1307 333 1391 quis
358 1303 441 1368 Sauli
471 1308 642 1369 memoriam
670 1303 752 1368 haud
779 1307 898 1390 penitus
928 1305 1091 1370 obsoletam
1120 1306 1242 1370 leverat.

123 1428 197 1492 Rem
228 1431 320 1515 igitur
346 1430 479 1517 undique
510 1428 718 1515 contemplanti
747 1429 827 1492 nulla
856 1441 948 1494 restat
977 1429 1140 1507 dubitatio,
1172 1434 1244 1517 quin

123 1553 182 1616 boc
205 1556 377 1618 vaticinium
400 1553 561 1619 Solomone
584 1566 724 1640 regnante
748 1553 905 1618 confictum
928 1554 1019 1619 luisse
1042 1578 1160 1640 ponam.

215 1673 247 1760 d)
274 1663 396 1742 Bileami
420 1682 565 1743 canticum
588 1677 656 1742 data
680 1701 771 1765 opera
794 1683 992 1765 compositum
1015 1701 1094 1756 esse,
1122 1693 1157 1744 ut
1179 1702 1244 1744 cor·

123 1806 192 1890 pori
216 1803 380 1868 Jasharano
403 1807 595 1880 insereretur,
625 1803 704 1868 illico
728 1803 870 1868 concedas
894 1826 1010 1868 neeesse
1034 1816 1093 1880 est,
1123 1805 1245 1868 simulac

125 1931 305 1992 concesseris
328 1928 402 1992 illud
424 1951 459 1992 eo
481 1932 548 2014 ipso
572 1942 705 2016 tempore
729 1932 871 2015 scriptum
894 1927 1000 2006 luisse,
1026 1951 1087 2016 quo
1111 1930 1243 1994 collectio

124 2054 199 2118 baec
220 2057 349 2139 primum
373 2053 519 2139 divulgari
542 2057 648 2140 coepit.
695 2054 769 2118 Nam
793 2053 894 2118 ambae
919 2057 1071 2129 notioneS,
1094 2076 1186 2140 quae,
1210 2067 1246 2118 ut

125 2200 219 2266 supra
236 2177 371 2254 vidimus,
395 2181 426 2240 in
447 2180 565 2242 nomine
580 2179 778 2244 Israelitarum
792 2180 948 2266 implicitae
964 2181 1161 2255 continentur,
1184 2192 1245 2242 tam

126 2303 343 2370 benediccione
366 2294 492 2407 (Ἶζὶζς)
517 2324 605 2390 quam
621 2305 789 2388 probitatis
809 2295 917 2406 (Ἶζῗῖ),
941 2307 983 2366 ita
999 2306 1028 2366 in
1044 2302 1103 2366 boc
1119 2306 1244 2367 carmine

126 2429 320 2514 explicantur,
345 2440 380 2492 ut
395 2427 549 2492 consilium
565 2430 695 2492 auctoris
711 2430 809 2512 quivis
825 2431 989 2514 agnoverit.
1019 2426 1059 2491 Ut
1081 2426 1244 2490 aBileamo

126 2557 193 2640 ipso
216 2555 370 2638 incipiam,
395 2556 461 2638 quis
484 2552 625 2616 maledico
642 2564 731 2638 atque
745 2554 864 2615 inimico
879 2554 1113 2638 praestigiatori,
1138 2552 1246 2618 eidem-

127 2699 184 2764 que
207 2679 379 2763 pcregrino,
406 2677 494 2742 talem
516 2689 687 2763 tantamque
709 2674 943 2742 benedictionem
966 2675 1164 2754 attribuisset,
1188 2680 1246 2740 nisi

128 2814 162 2865 ut
182 2800 299 2866 beatam
322 2815 352 2866 et
374 2801 517 2866 divinitus
538 2803 680 2866 munitam
695 2800 891 2866 Israelitarum
908 2814 1017 2866 sortem
1033 2805 1118 2888 quasi
1135 2805 1245 2888 majore

128 2924 255 3013 quadam
272 2929 301 2989 vi
315 2924 522 3013 significaret?
544 2925 590 2988 Ac
612 2949 708 2990 nexus
729 2929 953 3003 sententiarum,
980 2929 1139 3014 quinetiam
1155 2926 1246 2991 verba

127 3053 192 3138 ipsa
216 3053 369 3136 scriptoris
392 3062 518 3114 mentem
540 3073 601 3114 non
626 3051 706 3115 aliud
729 3050 820 3115 fuisse
838 3049 1007 3116 ostendunt.
1044 3050 1245 3135 »Quomodo«

19 3173 23 3180 ’
127 3179 225 3263 inquit
255 3174 475 3262 »imprecabom
507 3175 615 3260 quibus
639 3175 721 3241 Deus
750 3199 812 3240 non
835 3179 874 3240 sit
896 3176 1118 3264 imprecatusi«
1147 3177 1246 3241 »Bene

127 3303 242 3389 precari
266 3302 370 3386 jussus
399 3323 481 3378 sum,
517 3303 587 3387 quia
615 3301 696 3366 Deus
727 3301 841 3365 nullum
870 3304 962 3366 cernit
989 3305 1066 3365 inter
1094 3300 1246 3366 Jacobitas

127 3439 294 3513 peccatum,
324 3426 433 3490 nullam
456 3428 532 3490 inter
554 3426 698 3490 Israelitas
723 3425 870 3510 culpam«
916 3424 991 3488 Aliis
1017 3423 1128 3501 verbis,
1157 3425 1247 3490 lsrael

128 3548 217 3643 tedet
240 3553 260 3616 i.
283 3575 307 3616 e.
325 3549 509 3638 felicitatem
531 3563 707 3614 consecutus
732 3561 789 3624 cst,
821 3546 1061 3634 quandoquidem
1085 3543 1162 3649 titi}
1181 3551 1200 3610 i.
1224 3569 1248 3610 e.

122 3633 313 3762 prbdc'tctem
342 3679 522 3762 exsequitur.
570 3674 612 3738 At
634 3696 705 3738 vcro
736 3677 760 3736 si
789 3673 864 3736 nihil
893 3673 973 3738 aliud
1003 3685 1080 3736 esset
1109 3670 1147 3734 ad
1175 3672 1252 3735 hanc

128 3823 189 3866 rem
213 3803 364 3887 pertinens
386 3803 444 3864 nisi
468 3812 570 3864 votum
595 3799 668 3863 illud
690 3794 813 3880 (XXlll,
835 3793 903 3881 10):
930 3800 1062 3862 »utinam
1085 3799 1195 3862 moriar
1217 3809 1253 3860 ut
1310 3773 1313 3784 ⁵

123 3926 222 4012 probi
244 3919 396 4027 (Diligit)
420 3923 497 3988 ittit«
521 3922 563 3988 ibi
585 3923 720 4010 equidem
744 3947 806 3988 non
828 3927 994 4010 potuissem
1015 3945 1077 3986 non
1093 3942 1252 4008 agnoscere

129 4050 287 4116 Jasharani
309 4020 378 4116 libri
402 4052 539 4135 spiritum
563 4071 596 4112 ac
619 4052 777 4114 materiem.
817 4048 926 4112 Fateor
949 4049 1024 4110 enim
1048 4067 1147 4110 veram
1172 4048 1252 4110 vocis

130 4181 209 4278 'igitT
234 4174 477 4260 significationem
507 4185 536 4238 et
564 4186 699 4238 naturam
724 4173 792 4238 libri
816 4174 867 4258 qui
891 4170 947 4234 sub
971 4171 1027 4233 bac
1050 4169 1253 4255 designatione

132 4297 402 4375 circumferebatur,
428 4298 501 4362 mihi
523 4301 616 4385 magis
640 4319 678 4362 cx
700 4297 758 4362 hoc
780 4295 847 4360 loco
871 4295 1000 4358 eluxisse
1023 4315 1112 4379 quam
1135 4313 1173 4356 ex
1196 4293 1253 4356 alio

133 4427 243 4512 quovis
278 4422 330 4490 ubi
360 4446 423 4492 vox
458 4423 507 4488 illa
542 4425 678 4488 occurrit.
725 4419 983 4495 Rosenmiillerus,
1019 4420 1067 4482 cui
1095 4417 1170 4482 nihil
1198 4417 1255 4482 tale

988 4535 1041 4593 11*
