3164 5176
760 308 987 424 Q.

303 546 357 614 per
385 527 412 597 5
441 527 550 611 scripta
578 525 608 588 in
636 523 738 610 lingue
765 518 875 586 Graeca
903 520 1077 608 plerumque
1104 519 1234 586 habeant
1262 543 1317 597 r«,
1348 541 1430 608 quae

304 651 471 738 euphoniae
494 652 642 737 graticio
665 648 760 712 media
784 667 855 711 vose
879 644 1056 733 duplicatur.

391 775 503 839 Mariae
531 773 737 860 prophetissae
766 795 836 837 non*
856 775 989 836 minimas
1018 771 1110 836 fuisse
1138 774 1168 835 in
1192 772 1251 866 hoe
1273 774 1427 859 poematis

304 899 460 989 pangendo
484 913 583 986 parles
606 898 674 964 inde
699 898 854 975 concludo,
880 897 962 985 quod
983 921 1009 961 v.
1024 895 1067 962 20
1090 897 1248 962 inducatur
1271 895 1334 973 ilie,
1360 908 1424 962 ton·

305 1048 393 1114 quam
415 1023 562 1112 praefecte
586 1025 683 1101 chori,
709 1037 738 1087 et
756 1023 839 1110 quod
852 1023 967 1099 Micha‚
992 1043 1083 1110 quum
1101 1021 1139 1086 ad
1153 1022 1262 1086 librum
1277 1034 1427 1098 nostrum,

304 1165 339 1214 ut
365 1150 509 1228 vidimus,
540 1149 696 1214 manifesto
725 1152 860 1236 respicit,
890 1149 1014 1212 Mariam
1046 1171 1111 1213 cum
1139 1147 1225 1212 Mose
1254 1160 1284 1211 ct
1305 1146 1429 1213 Aesone

305 1289 528 1353 commemoret,
558 1278 634 1340 inter
658 1275 762 1352 duces,
779 1277 845 1362 'qui
867 1275 1012 1338 Israelites
1038 1297 1052 1338 e
1075 1285 1154 1337 terra
1177 1275 1328 1338 servitutis
1354 1271 1429 1336 edu·

304 1405 420 1465 xissent
443 1395 510 1482 (VI,
528 1396 572 1483 4).
608 1399 762 1465 Praeterea
786 1399 922 1466 Deborae
945 1397 1059 1462 lacinus
1083 1412 1113 1462 et
1136 1401 1281 1463 canticum
1304 1395 1430 1462 demon-

305 1538 414 1603 strant,
440 1538 623 1613 quantopere
648 1538 717 1590 tunc
735 1528 877 1612 temporis
894 1525 1004 1590 valeret
1018 1524 1174 1588 mulierum
1188 1525 1308 1610 poetico
1323 1520 1430 1586 efflatu

304 1650 505 1744 praeditarum
528 1653 699 1715 auotoritas.

394 1777 437 1842 De
462 1780 574 1842 cantico
598 1780 665 1863 ipso
689 1799 750 1840 nou
776 1797 852 1862 opus
877 1788 922 1840 est
944 1786 979 1839 ut
995 1775 1121 1862 plurima
1137 1772 1288 1838 disseram.
1323 1767 1430 1860 Neque

306 1906 381 1966 enirn
410 1901 470 1966 ulia
500 1914 545 1966 est
572 1905 604 1964 in
634 1900 731 1965 verbis
760 1899 932 1978 difficultas,
963 1923 1038 1988 quae
1068 1900 1114 1964 vel
1142 1903 1255 1964 tirones
1283 1911 1428 1964 moretur.

307 2025 400 2092 Chori
423 2025 573 2090 muliebris
588 2026 781 2113 Ephymnion
805 2039 872 2091 ante
895 2049 923 2090 v.
943 2024 984 2090 14
1006 2029 1186 2112 interposui,
1212 2024 1265 2089 uhi
1283 2023 1430 2112 quaedam

307 2155 391 2240 quasi
420 2174 515 2239 pauso
543 2155 704 2238 conspicua
732 2163 785 2215 est.
833 2149 933 2233 Quum
956 2151 1079 2218 verbum
1103 2157 1177 2255 11ξῇ
1207 2150 1245 2214 ad
1272 2129 1431 2214 elatidnem

306 2281 395 2343 animi
419 2277 639 2364 exprimendam
663 2274 848 2354 adhibeatur,
876 2279 1043 2341 versionem
1066 2275 1378 2364 septuagintaviraiem
1401 2289 1431 2340 et

306 2403 521 2490 Hieronymum
544 2424 669 2490 sequens
694 2401 732 2465 ad
752 2401 959 2490 gloriationem
974 2401 1105 2466 Jehovae
1121 2423 1182 2468 reru
1196 2401 1307 2468 rettuli.
1339 2399 1430 2482 Quod

306 2531 423 2618 poetria
447 2528 481 2592 de
505 2503 643 2622 1311111111
664 2530 683 2591 i.
701 2549 725 2590 e.
745 2527 927 2616 phylarchis
949 2529 995 2594 vel
1019 2527 1193 2593 chiliarchis
1214 2529 1317 2614 potius
1340 2547 1430 2613 mam

308 2653 343 2718 de
366 2655 489 2740 rupibus
510 2652 664 2718 Idumaeae
688 2652 822 2740 loquitur
845 2647 886 2733 (v.
907 2649 976 2736 15),
1008 2653 1038 2716 id
1062 2652 1230 2718 subindicat
1251 2663 1429 2717 vetustatem

308 2782 459 2856 carminis3
483 2799 550 2842 nam
573 2778 702 2843 Idumaei
724 2800 808 2866 reges
831 2777 982 2843 habebant
1004 2791 1160 2868 autequam
1176 2777 1322 2844 israelitae
1343 2800 1431 2843 mon·

308 2905 406 2969 archia
435 2903 595 2970 utebantur
619 2899 711 2985 (Gen.
733 2901 894 2988 XXXVI).
941 2904 1083 2992 Ejusdem
1110 2907 1152 2970 rei
1175 2915 1349 2993 argumento
1374 2917 1428 2982 est,

309 3029 391 3118 quod
413 3029 448 3093 de
464 3028 631 3093 Philistaeis
655 3042 684 3093 et
698 3028 842 3094 idumaeis
866 3041 896 3094 et
909 3030 1062 3108 Moabitis,
1081 3052 1158 3117 quos
1174 3052 1189 3094 e
1204 3042 1282 3096 terra
1297 3028 1430 3117 Aegypti

309 3155 399 3241 elapsi
430 3156 488 3220 hoc
511 3154 615 3220 ordine
639 3153 748 3218 adituri
772 3167 870 3233 eraut,
902 3169 931 3220 et
954 3156 989 3220 de
1012 3158 1140 3221 transitu
1161 3177 1216 3242 per
1238 3155 1292 3219 has
1314 3167 1428 3241 gentes,

309 3284 394 3368 qussi
416 3283 448 3344 in
471 3280 587 3346 deserto
611 3301 750 3366 praescus
774 3281 908 3368 loquitur
931 3277 992 3363 (vv.
1012 3278 1164 3365 14-16).
1198 3279 1431 3348 Habilutioreem

309 3407 479 3472 sanctitatis
501 3429 561 3470 non
586 3427 649 3470 esse
674 3401 873 3484 cananaeam,
904 3405 957 3471 sed
980 3419 1109 3472 montem
1134 3405 1217 3471 Sinai
1238 3404 1291 3470 uhi
1314 3405 1431 3471 Jehova

309 3555 340 3597 se
363 3533 477 3625 populo
502 3554 557 3595 sun
583 3553 696 3596 summa
713 3534 864 3618 majestate
882 3531 1088 3610 manifestavit,
1113 3535 1184 3597 satis
1201 3530 1331 3596 ostendit
1346 3531 1429 3597 Iocus

309 3660 356 3724 ille
373 3658 611 3734 Deuteronomii,
637 3679 723 3744 quern
747 3678 838 3743 supra
856 3661 1039 3744 interpretati
1058 3679 1161 3723 sumus
1177 3653 1278 3739 (Deut.
1290 3655 1429 3735 XXXIII,

310 3779 444 3870 2sqq.).
492 3781 694 3862 Abeo-llere,
726 3785 810 3870 cujus
839 3783 911 3848 haec
938 3788 1082 3850 sententia
1105 3797 1165 3861 est,
1195 3805 1313 3848 versum
1335 3781 1431 3848 uude·

310 3911 480 3973 vicesimum
496 3929 648 3995 perperam
664 3910 735 3972 huic
750 3913 862 3973 cantico
880 3923 1019 3975 accenset.
1054 3910 1156 3975 Moses
1171 3923 1268 3975 autem
1283 3906 1431 3974 Nachma·

310 4033 403 4111 uides,
423 4036 475 4130 'cui
490 4034 591 4098 Moses
606 4035 789 4102 Mendeiidcs
813 4038 982 4112 assentitur,
1008 4058 1123 4101 carmen
1145 4049 1280 4100 nostrum
1297 4039 1327 4100 in
1343 4058 1373 4100 v.
1389 4032 1431 4101 18

311 4159 443 4224 desinere
473 4159 642 4226 arbitratur.
692 4161 780 4245 Quod
809 4161 880 4224 mihi
905 4183 1037 4249 quoque,
1068 4175 1140 4249 post
1161 4161 1429 4239 Roseumiilierum‚

311 4287 495 4350 verissimum
518 4287 645 4353 videtur.
679 4284 754 4352 Nam
777 4311 803 4350 v.
820 4285 860 4352 19
884 4310 937 4352 nee
959 4311 1099 4353 numeros
1122 4310 1176 4354 nec
1199 4309 1318 4354 sensum
1341 4287 1432 4353 habet

310 4414 469 4495 poeticum.
