3152 5160
700 341 823 438 eo,

617 441 830 453 -.--·--.

160 549 307 638 φθορᾶς.
338 550 373 616 ci.
392 551 452 616 Tit.
468 550 508 628 ll,
528 549 585 616 lla
612 546 671 626 tric
692 547 884 637 κοσμικὰς
907 551 1140 637 ἐπιθυμίας.
1186 552 1282 636 Quam

161 689 241 742 arcte
264 677 336 741 haee
359 698 425 741 cum
447 679 543 742 nostri
565 675 733 764 Fragmenti
763 676 898 769 doctrina
921 678 1097 744 cohaereant
1118 700 1180 744 non
1204 699 1281 768 opus

161 814 207 868 eat
229 813 264 867 ut
287 800 382 866 fusius
407 801 613 866 demonstrem.

252 925 312 992 Sed
347 926 423 992 duae
457 939 528 991 sunt
555 926 705 1014 longiores
734 929 766 992 in
794 927 926 992 Paulinis
954 926 1097 1013 Epistolis
1124 931 1281 1020 pericopae

160 1072 237 1140 quae
273 1051 311 1116 ad
344 1055 551 1140 primigenium
589 1053 716 1118 hominis
754 1066 906 1141 peceatum
940 1052 1147 1140 explicandum
1179 1054 1281 1120 referri

40 1219 49 1230 ·
159 1189 300 1265 possunt.

251 1296 297 1384 (a)
324 1301 356 1368 ln
385 1305 485 1389 priore
510 1298 561 1383 (ad
582 1301 710 1368 Roman.
725 1303 794 1380 Vll,
812 1302 831 1367 7
849 1297 929 1391 sqq.)
957 1307 1068 1390 peccati
1094 1316 1201 1369 natura
1230 1305 1281 1370 de·

160 1425 311 1504 scribitur,
334 1439 364 1491 et
386 1427 606 1494 demonstratur
622 1427 869 1516 quemadmodum
894 1431 1130 1516 concupiscentia
1151 1432 1281 1498 insinuet

160 1573 191 1618 se
213 1555 246 1616 in
268 1553 450 1618 vacillantem
473 1553 601 1619 hominis
625 1557 762 1618 animum.

250 1673 295 1760 (b)
323 1678 357 1743 ln
385 1679 476 1744 altera
498 1674 550 1761 (ad
571 1679 648 1744 Phil.
666 1677 707 1756 Π,
724 1675 744 1742 5
761 1672 840 1765 sqq.)
870 1675 1003 1743 sublimis
1028 1678 1120 1743 divim
1143 1676 1279 1766 Sospita·

159 1806 234 1868 toris
259 1801 407 1868 humilitas
432 1807 596 1891 opponitur
619 1807 738 1869 insanae
766 1801 808 1868 illi
836 1806 1037 1892 arrogantiae,
1069 1825 1144 1893 quae
1172 1799 1280 1892 nptia-

160 1948 264 2013 αρχον
286 1923 368 2012 ἄτην
391 1928 596 1995 comitabatur.

250 2050 415 2142 Utrumque
443 2055 542 2120 locum
570 2054 672 2143 paullo
701 2056 843 2120 attentius
867 2053 1059 2141 contemplari
1082 2076 1189 2142 operae
1211 2076 1280 2146 pre·

159 2181 234 2244 tium
258 2182 322 2244 erit.

250 2299 295 2386 (a)
329 2303 517 2370 Interdictum
552 2304 700 2382 divinum,
734 2325 771 2368 ne
801 2302 966 2368 comederet
995 2303 1086 2370 homo
1116 2303 1152 2368 de
1179 2303 1279 2372 fructu

160 2427 290 2506 arboris,
321 2451 396 2517 quae
425 2433 503 2495 inter
530 2430 639 2496 malum
668 2442 698 2493 et
720 2427 835 2494 bonum
859 2429 1049 2505 discerneret,
1080 2431 1122 2495 ita
1143 2430 1280 2518 intelligit

159 2553 327 2642 Apostolus
351 2549 402 2636 (ad
416 2553 584 2632 RomVll,
600 2550 642 2637 7),
666 2567 702 2619 ut
722 2577 779 2642 pro
802 2553 942 2618 mandato
964 2565 1072 2640 ponat:
1096 2551 1185 2618 »Non
1208 2576 1279 2622 con·

160 2683 312 2767 cupisees«
336 2675 413 2761 (oda
436 2675 673 2765 ἐπιθυμήσεις).
719 2679 837 2767 ltaque,
866 2681 975 2744 vetitus
1006 2678 1053 2743 ille
1082 2677 1195 2744 fructus
1223 2679 1280 2744 luit

160 2805 283 2870 carnalis
305 2803 474 2888 ἐπιθυμία.
515 2805 554 2870 llt
577 2827 669 2892 quum
692 2805 797 2870 mulier
819 2827 851 2870 se
874 2825 1018 2868 excusans
1043 2803 1168 2869 dixisset
1190 2800 1277 2887 (Gen.

157 2931 209 3008 lll,
230 2925 297 3012 13):
322 2951 461 3019 »serpens
484 2952 530 2996 me
553 2932 673 3018 decepit
693 2943 727 3029 ut
743 2929 922 2996 comederem
930 2953 953 3006 ι,
978 2930 1145 3018 Apostolus
1161 2933 1203 2995 sic
1217 2951 1279 2996 rem

158 3059 370 3144 iuterpretatur
385 3051 428 3139 (u.
445 3079 470 3120 s.
487 3079 515 3120 v.
532 3051 601 3138 tlt:
626 3068 796 3144 »peecatum
809 3051 975 3140 (ἁμαρτία)
993 3058 1145 3120 occasione
1162 3070 1279 3143 arrepta

157 3203 213 3270 per
238 3181 409 3248 mandatum
439 3182 558 3268 decepit
584 3203 630 3246 me
660 3176 877 3266 (ἐξηπάτησέν
903 3176 961 3263 με)
991 3193 1020 3246 et
1049 3203 1103 3268 per
1131 3181 1205 3246 illud
1232 3203 1278 3247 mo

159 3306 297 3372 oceidit«
342 3295 443 3395 Pergit
471 3306 638 3394 Apostolus
673 3305 816 3372 affirmare
846 3301 893 3387 (v.
919 3301 977 3387 14)
1007 3305 1120 3392 »legem
1149 3305 1279 3372 divinam

157 3432 329 3518 spiritalem
351 3454 429 3508 esse,
455 3432 603 3496 hominem
626 3444 723 3498 autem
746 3431 911 3511 carnalem,
935 3433 1047 3515 peccati
1061 3432 1276 3516 mancipium«;

159 3570 189 3622 et
212 3579 304 3644 quum
328 3557 438 3643 duplici
456 3551 629 3622 'constemus
651 3569 772 3633 natura,
797 3557 950 3641 superiore
966 3553 1015 3618 illa
1031 3554 1163 3641 quidem,
1189 3575 1278 3641 quam

157 3681 214 3748 Dei
235 3683 362 3768 apuam
384 3680 537 3760 informet,
561 3681 698 3748 inferiore
718 3694 829 3756 autem,
855 3701 930 3768 quae
945 3682 1045 3770 pravis
1061 3692 1193 3745 terrenae
1208 3702 1277 3746 eor-

157 3810 207 3874 tta'o
234 3806 445 3894 cupiditatibus
475 3810 514 3872 sit
537 3806 681 3883 obnoxia,
712 3801 754 3887 (v.
779 3804 836 3881 22,
860 3799 915 3886 23)
944 3804 1199 3871 »condelectamur
1220 3805 1278 3893 legi

159 3931 275 3998 divinae
308 3930 469 3998 secundum
503 3935 672 3996 interiorem
700 3931 865 4008 hominem,
902 3930 1036 3995 videmus
1067 3943 1163 3995 autem
1193 3931 1279 4000 attam

158 4058 250 4145 legem
273 4060 305 4122 in
319 4056 457 4124 membris
472 4060 593 4134 nostris,
618 4061 638 4122 i.
655 4079 679 4120 e.
698 4059 729 4121 in
746 4079 847 4138 carae,
871 4068 1084 4144 repugnantem
1100 4056 1157 4142 legi
1172 4057 1277 4120 mentis

156 4195 287 4259 nostrae,
307 4185 326 4246 i.
344 4204 369 4248 e.
385 4184 522 4268 spiritam
544 4195 574 4247 et
588 4181 772 4270 subigentem
788 4203 844 4246 nos
860 4181 918 4268 legi
932 4184 1057 4270 pcccati,
1084 4201 1158 4267 quae
1173 4193 1279 4270 regnat

156 4311 188 4372 in
217 4321 322 4374 nostro
355 4329 510 4394 corpore«
555 4306 727 4395 Respiciens
751 4329 822 4395 ergo
847 4305 885 4370 ad
906 4306 985 4372 illam
1009 4309 1151 4371 orationis
1174 4305 1276 4372 Domi·

157 4435 240 4498 nicae
270 4420 445 4510 clausulam,
476 4455 536 4522 qua
562 4453 717 4522 precamur
746 4446 801 4500 »ut
822 4431 903 4503 Deus
932 4454 989 4500 nos
1012 4455 1030 4498 a
1050 4433 1128 4498 malo
1152 4432 1276 4500 liberet«
