3164 5176
633 349 844 460 AEi...

173 556 243 622 vide
267 577 359 643 supra
380 557 418 621 ad
435 555 507 622 Gen.
524 557 630 636 XLIX,
650 557 700 624 14.
733 559 864 624 Textnrn
881 583 908 624 v.
930 558 969 628 td
994 563 1081 626 solita
1105 566 1219 627 inscitia
1236 585 1302 628 cor-

173 685 258 772 rupit
271 681 483 770 Gumpacbius,
500 684 599 771 legens
616 658 771 786 ῠ1111111
791 683 876 748 »Gad
890 699 919 750 ct
933 686 1084 772 populus«
1101 710 1156 774 pro
1173 667 1300 782 31111.

266 831 315 872 ιν.
335 806 486 874 19-22,
521 807 643 896 Pugnae
672 779 767 895 ipsius
797 809 1025 896 descriptionem
1050 812 1112 897 jam
1135 825 1220 878 antea
1247 785 1301 899 per

174 937 265 998 curri.
305 933 431 1020 Quinam
455 932 565 998 luerint
587 936 637 998 isti
659 957 747 1020 repes
770 938 831 999 sive
853 935 954 1020 repuli
976 935 1062 1000 docet
1084 935 1202 1003 Joenae
1224 939 1301 1004 liber

174 1081 200 1123 e.
216 1059 269 1123 Xl.
305 1057 356 1123 Ad
367 1068 545 1145 pagensales
560 1059 662 1124 stellae
678 1057 761 1147 quod
777 1063 890 1136 attinet,
914 1063 1079 1126 meminerit
1094 1062 1187 1126 lector
1202 1063 1299 1128 stellas

175 1206 214 1250 ex
236 1184 434 1249 Israelitarum
457 1187 602 1249 sententia
625 1184 767 1250 conficere
796 1188 952 1250 micantem
982 1189 1145 1252 exercitum
1167 1187 1298 1254 Jehovae

173 1302 321 1415 11111311,
347 1309 424 1374 unde
448 1309 566 1398 fulgura
589 1323 619 1374 et
642 1323 737 1375 cetera
760 1310 907 1375 divinae
899 1333 959 1376 rrae
984 1315 1069 1400 signa
1091 1315 1299 1398 provenircutc

176 1434 300 1500 clLuc.
317 1434 369 1512 ΙΧ,
387 1431 439 1500 54.
463 1434 572 1500 Matth.
588 1435 700 1511 XXVI,
719 1433 771 1500 53.
801 1434 890 1500 Haud
905 1435 1037 1502 absimile
1054 1436 1128 1503 illud
1144 1449 1197 1514 est,
1217 1437 1300 1523 quod

176 1559 213 1626 de
237 1561 327 1624 heroe
351 1582 406 1626 suo
430 1561 581 1648 praedicat
596 1559 778 1626 Claudianus
795 1556 844 1643 (de
862 1575 930 1630 tert.
947 1584 1029 1628 cons.
1045 1563 1173 1628 Honorii
1188 1561 1297 1652 Paneg.

175 1709 226 1750 vv.
244 1683 287 1752 96
303 1681 398 1773 sqq.):

413 1886 434 1942 0
450 1887 566 1941 nimium
583 1885 681 1942 dilecte
698 1885 759 1956 deo,
776 1888 820 1942 cui
836 1885 927 1942 fundit
942 1885 977 1942 ab
994 1889 1079 1943 antris

410 1992 514 2049 Aeolus
531 2003 649 2048 armatas
665 1993 778 2063 hiemes,
796 1995 840 2050 cui
855 1993 955 2050 militat
970 1995 1073 2064 aether,

410 2099 446 2156 Et
462 2099 600 2176 conjurati
616 2103 731 2158 veniunt
746 2101 782 2158 ad
798 2102 911 2158 classica
926 2103 1017 2158 venti!

263 2289 397 2374 Mliaum
414 2309 551 2376 vocabuli
574 2315 697 2416 1111311
721 2311 816 2377 relcro
838 2311 875 2376 ad
891 2311 994 2376 hostes
1011 2309 1212 2391 Canaanaeos,
1238 2315 1298 2380 col-

172 2437 280 2501 lectivo
306 2429 344 2507 tlt
368 2435 564 2524 significatos,
596 2440 645 2523 qui
675 2457 769 2523 equos
800 2457 871 2502 snos
902 2435 939 2500 ad
968 2439 1156 2523 praeeipitem
1186 2436 1295 2525 fugant,

172 2559 256 2626 haud
279 2561 362 2626 aliter
385 2573 473 2648 atque
488 2560 622 2648 Argivus
644 2561 692 2626 ille
709 2559 923 2626 Thebanorum
946 2561 1042 2626 hostis
1067 2583 1153 2648 quern
1176 2560 1298 2649 Sopho·

173 2687 231 2750 cles
258 2681 476 2774 (Anttg.108)
503 2684 632 2762 inducit,
662 2698 697 2750 ut
720 2708 808 2773 11111
838 2707 962 2774 surgens
991 2685 1111 2752 Aurora
1140 2690 1298 2754 excitasset

173 2810 309 2914 φυγάδα
332 2809 520 2897 πρόδρομον
542 2806 682 2898 ὀξυτέρῳ
706 2807 864 2896 κινήσασα
887 2809 1019 2897 pullinos.

263 2960 292 3000 v.
310 2935 362 3002 23.
399 2910 1297 3040 1111111101111111111111113111113..1111111111

172 3037 714 3168 31113131111111111111.1111)1
744 3063 793 3126 illa
815 3017 926 3128 Merbz
948 3059 1000 3126 nbi
1025 3065 1081 3128 sita
1104 3066 1157 3140 sit,
1189 3067 1297 3131 nemini

173 3187 271 3254 adhuc
293 3143 434 3254 innotdit.
470 3144 622 3254 Sententia
647 3200 746 3252 autem
768 3187 876 3255 borum
900 3187 1060 3252 verborum
1083 3189 1156 3254 nihil
1179 3191 1297 3276 planius

173 3337 237 3380 esse
252 3326 361 3401 potest.
385 3313 520 3378 Fuerunt
535 3313 655 3400 quidam
670 3314 815 3388 homines,
835 3315 903 3398 qui,
920 3333 1013 3398 quum
1023 3313 1170 3400 profugos
1183 3315 1295 3392 hostes,

172 3461 226 3528 per
242 3461 313 3504 suos
337 3461 426 3526 agros
448 3441 561 3524 passim
576 3438 719 3525 palantes,
744 3435 878 3500 facillime
895 3439 1061 3524 opprimere
1077 3451 1210 3524 possent,
1234 3462 1297 3504 non

173 3587 208 3630 eo
233 3578 316 3630 erant
337 3586 407 3652 erga
427 3563 574 3628 Israelitas
597 3560 715 3640 studio,
744 3574 780 3630 ut
803 3558 1032 3626 Cauaanitarnm
1055 3561 1165 3626 cladem
1189 3585 1297 3651 angere

171 3689 293 3765 vellent,
329 3688 382 3753 sed
416 3691 519 3775 potius
547 3709 600 3775 per
629 3687 702 3752 fines
733 3709 805 3750 suos
834 3685 959 3751 liberum
988 3685 1110 3754 devictis
1139 3690 1297 3754 transitum

171 3813 355 3903 praeberent.
394 3813 497 3900 Longe
527 3812 610 3881 aliter
632 3812 749 3888 lahela,
781 3815 833 3899 qui
864 3811 968 3877 ducem
996 3815 1094 3899 ipsum
1117 3814 1164 3880 vel
1194 3803 1297 3879 contra

171 3940 296 4026 hospitii
319 3939 371 4024 Jus
400 3941 534 4025 peremit.
572 3939 674 4025 ltaque
703 3938 775 4002 haec
802 3937 926 4002 solemni
949 3960 1035 4025 prece
1059 3938 1198 4004 ethonis
1223 3942 1297 4003 omi-

171 4063 260 4128 nibus
290 4063 437 4128 cumulata
465 4076 523 4128 est:
558 4063 600 4127 illi
622 4085 693 4128 vero
719 4063 790 4127 diris
815 4062 1015 4139 devoventur,
1045 4062 1178 4127 Jehovae
1200 4067 1295 4150 ipsius

171 4192 300 4253 nomine.
344 4190 388 4253 Ita
422 4191 498 4252 enim
533 4188 737 4275 explicandam
766 4209 829 4252 esse
858 4189 1038 4252 locutionem
1067 4180 1151 4292 111111
1181 4161 1295 4293 ’,1111111

42 4339 47 4350 ’
173 4316 266 4378 cnivis
290 4312 372 4378 facile
395 4312 582 4400 probabitur.
618 4313 778 4380 Verissime
803 4313 872 4378 olim
888 4311 1052 4378 Herderus:
1077 4311 1191 4382 »Omne
1215 4335 1295 4400 sym-

170 4436 311 4517 bolum‚«
335 4441 441 4526 inquit,
467 4442 549 4510 »sive
571 4461 618 4506 res
641 4438 775 4518 visibilis,
800 4438 856 4506 sub
881 4459 940 4530 qua
957 4437 1038 4506 Deus
1061 4436 1218 4506 invisibilis
1242 4460 1294 4532 ap-
