3160 5170
609 331 820 443 „Q

150 545 244 606 vitam
266 539 422 608 exercebat
443 536 474 622 (l
492 539 620 628 Paralip.
635 542 688 618 lV,
703 538 770 624 dl).
816 542 888 608 Levi
911 555 1009 608 autem
1030 563 1084 628 por
1106 544 1274 608 universam

151 664 350 732 Palaestinam
365 668 427 730 sine
443 665 504 730 ullo
519 669 719 753 possessionis
730 667 798 752 jure
811 687 932 753 sparsus
948 678 994 732 est
1006 662 1219 748 (neucxvln,
1230 661 1272 748 i).

150 789 217 856 lam
234 757 448 855 ver-somnino
473 804 557 856 orant
580 792 655 856 duae
679 811 799 867 causae,
825 815 863 855 cx
885 803 980 856 mente
997 804 1129 857 veterum
1144 790 1274 858 ludaeo-

151 937 234 992 rum,
258 927 383 1001 propter
405 937 479 1002 quas
502 915 599 982 tribus
621 920 695 981 istae
718 916 913 982 exheredatae
935 915 998 980 fieri
1020 927 1166 1002 poterant.
1201 915 1274 982 Am·

150 1038 208 1104 bac
237 1043 270 1104 in
295 1043 445 1126 primaeva
468 1039 518 1104 illa
540 1040 685 1108 Ecclesiae
708 1040 889 1106 lasharanae
912 1043 1110 1106 coarctatione
1132 1053 1274 1126 tanquam

152 1185 258 1230 causac
290 1165 456 1251 rejectionis
486 1178 638 1252 apparent.
685 1164 798 1230 Ambae
825 1169 857 1230 in
886 1165 976 1230 altera
1004 1165 1144 1252 Deealogi
1171 1163 1274 1230 tabula

151 1292 256 1375 primis
279 1288 441 1354 interdictis
464 1290 671 1374 probibentur.
712 1289 791 1356 Sunt
814 1292 890 1356 enim
913 1291 1116 1376 impudicitia,
1139 1311 1274 1376 praeser-

151 1417 205 1480 tim
228 1436 321 1500 quum
344 1435 378 1478 ea
399 1418 539 1501 pietatem
563 1437 683 1502 quoque
706 1416 813 1492 violat,
843 1427 879 1480 ut
901 1418 932 1480 in
955 1414 1060 1482 Chami
1084 1413 1273 1502 Cauaanique

151 1551 292 1625 peccat03
321 1551 351 1604 ct
371 1537 469 1625 fraus
499 1551 626 1606 amenta
654 1541 686 1606 oi
713 1543 891 1623 conyimcta,
922 1540 1017 1626 qualis
1040 1540 1187 1605 Edomitis
1216 1541 1272 1606 illis

153 1663 308 1749 objicitur3
334 1663 390 1728 hae
413 1677 497 1741 suut,
522 1668 658 1752 inquam,
683 1687 787 1730 causae
809 1667 966 1751 primariae
989 1688 1041 1730 eur
1065 1666 1180 1752 aliquot
1202 1688 1274 1732 eon·

152 1792 331 1876 sanguineae
360 1787 456 1854 tribus
485 1811 501 1853 e
528 1788 693 1876 proborum
723 1792 862 1854 societate
890 1790 1026 1854 exclusae
1053 1813 1116 1858 esse
1138 1804 1272 1879 possent.

152 1911 260 1980 Nescio
290 1937 327 1978 an
348 1914 514 1980 Rubenitae
543 1927 626 1980 trans
649 1915 812 1982 Jordanum
836 1913 1003 1980 habitantes
1031 1920 1149 1982 incestis
1173 1920 1275 1982 matri·

151 2042 261 2104 moniis
283 2060 339 2125 pro
364 2019 577 2104 consuetudine
600 2061 655 2104 sua
678 2040 864 2106 dehonestati
887 2054 995 2106 essent.
1029 2041 1181 2106 Moabitae
1197 2055 1273 2106 certe

153 2176 183 2228 ct
210 2163 412 2241 Ammonitae,
448 2167 524 2230 inter
559 2183 636 2252 quos
664 2163 830 2230 Rubenitae
865 2163 1025 2253 degebant,
1062 2166 1100 2232 ad
1132 2171 1273 2232 incestam

152 2291 246 2375 patris
270 2311 336 2354 curn
357 2287 474 2352 filiabus
503 2293 565 2353 suis
588 2288 811 2354 fornicationem
835 2292 979 2377 originem
1002 2313 1086 2354 suam
1108 2291 1274 2358 referebant

155 2409 241 2495 (Gen.
258 2413 345 2490 XIX,
363 2411 415 2491 37,
433 2410 505 2496 38),
534 2414 617 2501 quod
639 2437 677 2480 ex
699 2414 750 2478 tali
774 2414 987 2480 consuetudine
1011 2415 1140 2502 confingi
1163 2420 1271 2501 potuit.

156 2535 215 2604 Sed
243 2551 313 2602 utut
335 2561 369 2604 ca
392 2561 423 2604 sc
445 2561 492 2603 res
515 2538 636 2616 habeat,
666 2539 777 2603 nullam
799 2537 934 2626 proiecto
952 2540 1112 2624 justiorem
1133 2552 1273 2625 paternae

153 2663 366 2752 indignationis
395 2685 512 2728 causam
541 2667 709 2751 excogitare
737 2664 820 2741 licet,
851 2685 939 2750 quam
967 2665 1026 2728 hoc
1047 2662 1165 2728 Rubeni
1189 2663 1273 2730 adul·

154 2792 269 2854 terium.
315 2790 359 2854 lta
381 2788 529 2854 Homerus
558 2811 694 2876 quoquc,
724 2811 816 2876 quum
838 2788 996 2854 Phoenicis
1019 2790 1155 2854 exsilium
1179 2789 1273 2876 expli·

155 2926 247 2991 earet,
277 2914 370 2978 simile
399 2912 580 2979 concubinae
608 2927 745 3000 stuprum
775 2914 895 3001 allegat,
925 2927 1050 3003 propter
1078 2913 1161 3003 quod
1189 2927 1274 3002 pater

152 3038 246 3107 lilium
270 3038 341 3103 diris
366 3023 545 3106 devovisset'
558 3033 607 3120 (ll.
622 3038 679 3118 IX,
696 3037 763 3104 448
779 3035 868 3126 sqq.).

241 3165 290 3230 llx
313 3163 543 3232 Simeonitarum
571 3177 670 3228 autem
696 3164 822 3229 historia
844 3177 933 3252 atque
956 3187 994 3229 ex
1016 3165 1147 3230 violenta
1170 3185 1273 3229 corum

152 3294 184 3356 in
205 3290 370 3359 Idumaeam
400 3292 565 3376 irruptione
591 3293 663 3354 satis
685 3302 781 3376 patet,
812 3301 961 3354 cruentam
984 3290 1063 3354 illam
1086 3303 1116 3354 et
1138 3289 1273 3354 dolosam

154 3415 408 3482 Sheehemitarnm
436 3415 579 3479 ultionem
603 3410 695 3497 (Gen.
719 3436 742 3476 c.
758 3409 909 3494 XXXIV)
939 3415 1050 3499 optimc
1074 3412 1219 3499 quadrare
1241 3417 1273 3478 in

152 3539 347 3628 vagabundae
369 3540 460 3626 hujus
483 3540 579 3606 tribus
601 3560 699 3604 mores
723 3551 753 3602 ct
774 3536 1027 3602 consuetudinem.
1062 3537 1181 3603 Levites
1197 3559 1273 3623 quo·

153 3687 226 3753 quc,
252 3668 304 3752 qui
326 3663 408 3728 haud
431 3665 515 3728 aliter
538 3687 626 3752 quam
645 3663 824 3728 Graecorum
848 3658 984 3747 circipene
1005 3661 1139 3747 undique
1160 3661 1274 3726 mendi·

153 3789 273 3866 cabant,
297 3790 448 3853 latronum
471 3790 587 3854 cohorti
611 3811 674 3853 sese
689 3788 850 3874 adjungere
866 3810 969 3874 posse,
995 3799 1024 3851 et
1039 3786 1095 3851 sub
1111 3787 1272 3874 relligionis

152 3919 271 3980 nominc
294 3937 397 3980 eorum
420 3911 538 4002 rapinas
562 3927 591 3978 et
611 3913 712 3980 caedes
729 3916 856 3990 sancire,
882 3916 953 3977 satis
971 3913 1101 3978 ostendit
1116 3912 1273 3998 singularis

151 4040 202 4104 illa
225 4040 350 4104 historia
373 4039 409 4104 de
425 4040 541 4104 Danitis
566 4043 631 4126 qui,
656 4039 792 4103 aLevita
815 4038 946 4124 quodam
964 4037 1072 4123 adjuti,
1095 4036 1273 4122 tranquillos

152 4176 242 4251 atque
272 4169 443 4229 innoeentes
473 4163 614 4229 Sidonios
645 4162 743 4250 gladio
774 4162 996 4238 interfecerunt,
1030 4160 1174 4247 oppidum
1201 4180 1272 4223 uero

152 4310 258 4353 eorum
286 4289 405 4376 ignibus
436 4286 603 4353 cremabant
626 4283 709 4368 (lud.
728 4309 752 4350 c.
768 4281 886 4368 XVlll).
934 4285 1164 4350 Simeonitarum
1186 4283 1274 4350 Levi·

59 4469 65 4483 .
151 4427 311 4500 tanrmque
333 4415 502 4480 violentiam
531 4413 653 4478 similem
682 4411 773 4480 inisse
803 4411 966 4498 colligimus
996 4431 1034 4474 ex
1061 4409 1128 4476 loco
1158 4420 1272 4484 nostro,

1006 4527 1061 4586 1³·
