3152 5160
846 337 896 410 68

312 548 410 634 Quum
439 549 531 638 igitur
553 547 648 614 Deum
676 550 707 612 in
736 551 870 613 oratione
894 545 1039 612 dominica
1061 561 1229 631 precamur,
1259 563 1295 606 ne
1322 561 1378 606 nos
1402 543 1434 604 in

312 674 547 742 sollicitationem
570 673 705 752 inducat,
735 673 802 750 sed,
828 671 911 760 quod
934 684 1038 736 contra
1061 682 1118 746 est,
1143 690 1200 732 nos
1224 690 1241 730 a
1263 688 1356 754 pravo
1380 665 1432 729 illo

312 799 430 878 liberet,
456 799 654 887 desideramus
679 811 812 864 sanctum
836 797 910 862 illud
934 796 1076 861 auxilium
1096 817 1155 882 quo
1173 792 1269 878 adjuti
1283 789 1433 855 inferioris

311 939 433 992 naturae
456 923 605 990 illecebras
624 924 768 990 debellare
786 945 937 1012 queamus.
971 921 1087 987 Acristi
1102 919 1278 1008 εἰσενέγκῃς
1293 929 1322 980 et
1337 912 1433 1002 ῥῦσαι

311 1051 361 1116 hic
382 1063 417 1115 ut
440 1049 509 1116 alibi
537 1053 580 1115 rei
605 1053 663 1116 cito
686 1052 866 1115 transeuntis
890 1047 1133 1135 significationem
1157 1045 1317 1109 continent.
1363 1037 1433 1104 Non

310 1189 482 1264 perpetuam
511 1179 604 1263 igitur
631 1175 867 1239 sollicitationem
890 1177 1034 1248 innuunt,
1066 1171 1118 1236 sed
1141 1191 1217 1258 quae
1241 1169 1276 1233 de
1298 1181 1433 1254 tempore

213 1301 216 1316 ⁴
311 1303 343 1365 in
364 1313 481 1388 tempus
507 1303 628 1384 oriatur.
667 1301 826 1365 Preeamur
849 1321 919 1386 ergo
943 1311 993 1375 ut,
1020 1300 1254 1386 quotiescunque
1276 1294 1342 1358 illae
1363 1313 1433 1378 pec·

313 1425 398 1490 candi
421 1426 544 1490 insidiae
567 1425 654 1490 nobis
679 1435 844 1501 struuntur,
870 1427 899 1486 vi
915 1422 1039 1488 Divinae
1062 1424 1173 1510 gratiae
1197 1419 1319 1484 evadere
1343 1430 1432 1503 atque

313 1554 393 1616 exire
415 1555 575 1638 possimus.
612 1550 674 1615 Vix
697 1553 853 1638 quisquam
878 1561 936 1624 est,
963 1551 1078 1635 opinor,
1105 1549 1156 1634 qui
1180 1548 1327 1610 existimet
1341 1541 1433 1606 verba

311 1670 355 1762 pre}
387 1675 562 1768 εἰσενέγκῃς
592 1675 731 1741 denotare
767 1677 910 1740 actionem
942 1673 1089 1760 quandam
1119 1671 1243 1736 Divinae
1272 1672 1431 1757 potentiae.

312 1800 420 1865 Valent
438 1804 540 1887 potius
565 1823 620 1866 »ne
637 1805 699 1866 sine
714 1821 770 1865 nos
786 1800 907 1866 inlerri«
932 1820 1020 1886 quam
1044 1819 1100 1862 ane
1115 1796 1222 1862 inferas
1238 1818 1324 1872 nos«,
1350 1793 1433 1882 quod

314 1929 385 1988 satis
415 1924 517 1991 docuit
539 1925 686 1991 Dominus
715 1929 778 2012 ipse
807 1937 909 1989 noster
938 1944 1030 2011 quum
1055 1922 1246 1988 dormitantes
1270 1920 1432 2007 disciprdos

313 2053 444 2115 monuit:
475 2048 614 2138 »vigilate
642 2063 671 2114 et
692 2052 852 2136 precamini
875 2071 912 2113 ne
935 2052 1049 2113 intretis
1072 2051 1318 2113 intentationem
1340 2043 1433 2130 (γρη-

312 2183 451 2260 γορεῖτε,
487 2178 540 2238 καὶ
568 2174 789 2257 προσεύχεσθε
823 2179 877 2239 ἵνα
910 2168 953 2259 μα)
982 2173 1148 2258 similique
1177 2173 1221 2249 εἷς
1246 2170 1432 2257 πειρασμόν,

312 2301 420 2366 Matth.
444 2299 560 2378 XXVI,
583 2297 650 2381 tl).
697 2299 777 2364 Deus
807 2320 899 2387 quum
928 2303 959 2362 in
988 2300 1105 2363 homine
1134 2299 1259 2363 creando
1283 2311 1432 2362 terrenum

313 2425 463 2512 pulverem
487 2447 553 2490 cum
576 2448 632 2490 suo
656 2428 763 2512 spiritu
787 2427 959 2512 conjunxit,
985 2425 1079 2488 effecit
1100 2438 1136 2489 ut
1158 2427 1280 2512 spiritus
1303 2424 1351 2486 illc
1369 2444 1432 2486 car·

313 2551 372 2614 nali
400 2553 652 2639 concupiscentiae
676 2563 754 2615 esset
777 2550 937 2616 obnoxius.
984 2549 1071 2625 Inde,
1102 2562 1137 2612 ut
1159 2557 1224 2613 cum
1248 2546 1431 2613 scholasticis

313 2676 433 2763 loquar,
464 2679 656 2742 tentationem
679 2677 891 2762 potentialiter
915 2678 946 2738 in
968 2674 1112 2740 mundum
1134 2674 1262 2739 induxit.
1309 2673 1429 2747 Verum,

313 2809 348 2865 ut
371 2800 448 2865 dixit
471 2799 613 2888 Origenes
637 2795 869 2882 (adpetivit,
891 2796 959 2883 19):
983 2800 1028 2876 εἰς
1050 2793 1229 2884 πειρασμὸν
1251 2794 1308 2863 οὐκ
1330 2797 1431 2884 εἰσέρ-

313 2944 404 3005 χεται
427 2919 465 2989 οὐ
488 2923 532 3011 τῷ
554 2919 597 3009 μὴ
622 2923 849 3011 πειρασθῆναι,
874 2920 957 2989 ἄλλα
975 2925 1018 3012 τῷ
1032 2919 1077 3011 με)
1094 2923 1219 2990 ἁλῶναι
1233 2933 1303 2998 ταῖς
1321 2925 1430 3002 παγίσι

312 3049 370 3114 τοῦ
392 3051 570 3134 πειρασμοῦ
593 3043 648 3129 (cf.
667 3048 687 3112 2
704 3049 781 3112 Tim.
797 3050 836 3126 ll,
855 3045 925 3132 26).
973 3048 1062 3131 Quod
1085 3051 1123 3114 ad
1145 3050 1275 3114 luturam
1297 3057 1429 3112 nostiam

313 3172 478 3240 felicitatem
502 3175 618 3250 attinet,
643 3177 768 3239 tentatio
791 3197 853 3239 non
877 3187 922 3239 est
940 3197 1039 3261 perse
1056 3175 1252 3264 deprecanda3
1278 3162 1431 3238 confirmat

313 3301 390 3363 enim
411 3297 541 3363 lacobus
570 3302 601 3362 in
629 3298 711 3364 lucro
742 3300 944 3386 deputandum
973 3322 1036 3365 esse
1060 3303 1085 3364 si
1109 3304 1175 3388 quis
1199 3301 1376 3365 christianus
1399 3302 1429 3362 in

313 3428 410 3490 varias
437 3423 548 3489 incidat
568 3428 745 3490 tentationes
770 3420 843 3507 (dac.
860 3426 886 3501 I,
908 3420 1015 3506 1-4).
1059 3426 1099 3490 Et
1120 3424 1207 3490 Jesus
1231 3428 1294 3512 ipse
1316 3436 1429 3512 patrem

313 3573 400 3616 suum
431 3572 486 3638 pro
518 3550 669 3637 discipulis
699 3563 835 3637 precatus
859 3563 916 3614 est:
949 3573 1030 3616 »non
1052 3573 1128 3639 rogo
1153 3564 1188 3614 ut
1208 3549 1295 3614 tollas
1319 3572 1370 3615 eos
1394 3547 1429 3611 de

311 3675 437 3758 mendo,
465 3674 518 3739 sed
539 3688 575 3739 nt
597 3697 695 3740 serves
720 3697 770 3740 eos
795 3698 932 3762 aprcoo
955 3675 1026 3740 illo«
1050 3671 1123 3755 (oda
1145 3674 1252 3760 ἐρωτῶ
1274 3680 1329 3739 ἵνα
1352 3672 1430 3764 ἄρῃς

314 3793 433 3874 crivotis
462 3796 497 3862 ἐκ
525 3798 582 3864 cori
612 3795 780 3884 κόσμον,
810 3792 897 3863 ἄλλα
926 3804 982 3864 ἵνα
1010 3801 1144 3891 ιηρήσῃς
1172 3795 1290 3876 αὐτοὺς
1316 3797 1350 3862 ἐκ
1372 3799 1430 3862 τοῦ

311 3927 517 4011 anomoeis
542 3924 649 3990 Joann.
681 3926 778 4003 xVu,
810 3921 878 4007 15).
931 3925 986 3990 Hic
1018 3927 1117 4002 locus,
1156 3948 1209 4011 per
1244 3949 1275 3989 se
1309 3927 1430 3988 maximi

310 4055 467 4127 momenti,
503 4053 574 4114 satis
607 4072 663 4114 nos
697 4049 796 4126 docet,
834 4053 900 4138 quis
935 4053 973 4113 sit
1004 4050 1051 4115 ille
1079 4042 1097 4116 ὅ
1131 4048 1284 4136 πονηρός,
1316 4048 1362 4115 vel
1394 4061 1430 4113 ut

312 4177 382 4242 alibi
411 4188 536 4240 vocatur
564 4167 584 4238 ὃ
614 4172 772 4259 πειράζων
801 4170 838 4258 (1
864 4175 970 4241 Thess.
994 4175 1045 4252 111,
1067 4171 1122 4259 5),
1154 4177 1201 4240 vel
1231 4172 1248 4238 ὃ
1278 4143 1429 4258 ὀιάβυῖος

312 4297 432 4384 (Matth.
448 4301 499 4379 IV,
516 4296 557 4382 l).
593 4298 667 4365 Nam
690 4303 756 4386 ipsa
773 4303 970 4366 clausularum
986 4305 1136 4366 contentio
1153 4299 1284 4366 ostendit
1293 4321 1430 4387 prooem

311 4427 392 4490 illum
421 4427 468 4490 vel
497 4447 562 4492 cum
591 4428 705 4492 mondo
736 4430 921 4514 aequiperari
945 4428 991 4492 vel
1019 4431 1048 4492 in
1077 4429 1192 4494 macedo
1216 4427 1312 4494 saltim
1335 4427 1430 4490 conti-
