3172 5186
812 303 889 378 340

474 511 574 580 ἔνθεν
596 535 643 591 τις
665 507 732 599 dxci
756 509 892 593 χθόνιος
915 507 957 588 ὥς
979 515 1097 599 βροντρ
1120 507 1200 590 Aede

472 616 579 706 βοράν
599 621 724 706 βρόμον
745 619 883 706 μεθῆκε,
907 619 1054 706 φρικώδη
1067 618 1194 722 ἱκλάειν.

289 765 390 852 Atque
417 763 487 826 hinc
515 763 596 826 aliud
618 774 825 850 argumentum
846 761 939 828 habes
960 760 1039 827 unde
1060 765 1223 850 perspicias
1247 758 1410 827 Cimbim

191 973 193 979 Ι
289 890 357 953 illos
388 901 416 952 et
441 884 612 974 Seraphim
639 889 714 951 nihil
742 887 822 951 aliud
849 887 941 952 luisse
974 889 1032 952 nisi
1063 887 1218 951 nimbosos
1246 899 1353 951 ventos
1382 897 1412 950 et

290 1011 408 1101 fulgura
438 1012 547 1100 quibus
575 1011 690 1076 Jchova
723 1024 864 1099 tanquam
894 1015 1036 1076 ministris
1069 1015 1131 1076 suis
1159 1011 1309 1078 utebatur.
1354 1009 1412 1075 Hic

291 1142 366 1202 enim
391 1151 426 1202 ut
449 1137 517 1202 alibi
534 1137 665 1202 lehovac
689 1159 806 1201 currum
831 1140 1026 1201 constituunt.
1060 1137 1171 1202 Vocem
1189 1129 1283 1238 libii?
1300 1147 1409 1211 autem,

291 1285 365 1351 quae
390 1263 426 1326 de
448 1263 606 1328 multarum
624 1282 767 1348 aquarum
784 1265 910 1348 strepitu
926 1265 1064 1348 usurpari
1080 1272 1181 1348 potest
1196 1257 1258 1342 (Ps.
1270 1258 1364 1336 LXV,
1378 1257 1409 1335 8,

289 1385 539 1464 Jes.XVll,l2,
561 1382 633 1468 13),
665 1389 776 1474 optimc
806 1387 951 1472 quadrare
980 1389 1011 1450 in
1038 1386 1118 1450 hunc
1147 1386 1253 1448 summi
1280 1385 1410 1447 numinis

290 1515 475 1590 comitatum,
502 1511 597 1575 discas
616 1533 654 1575 ex
668 1511 852 1598 Apocalypsi
867 1511 955 1589 ΧΙΧ,
973 1508 1009 1576 6:
1031 1513 1086 1573 nat
1100 1503 1225 1594 ἥκουσα
1240 1505 1283 1585 ὡς
1297 1503 1412 1595 φωνὴν

291 1635 392 1719 ὄχλον
413 1635 538 1702 πολλοῦ
561 1640 615 1700 καὶ
638 1631 753 1722 φωνὴν
780 1633 937 1700 ὑδάτων
965 1633 1125 1699 πολλῶν
1152 1636 1208 1698 καλ
1230 1629 1273 1708 ὦς
1295 1626 1412 1720 φωνὴν

288 1762 474 1850 βροντῶν
508 1759 680 1847 ἰσχυρῶν
714 1759 873 1841 λεγόντων
895 1756 1092 1844 Ἀλληλοάλα
1125 1755 1176 1822 ὅτι
1204 1756 1411 1841 ἐβασίλευσεν

289 1886 396 1974 κάρτος
419 1880 436 1950 ὃ
460 1880 542 1962 θεὸς
563 1883 582 1950 ὅ
606 1885 846 1969 παντοκράτωρ.
889 1883 950 1949 Νοτ
977 1857 1111 1948 oblivisci
1136 1897 1256 1970 oportet
1277 1887 1410 1950 sonitum

287 2011 428 2076 buccinae
452 2007 581 2114 (egidii
605 1986 701 2116 bip),
733 2013 784 2097 qui
809 2009 979 2075 Sinaiticam
1002 2011 1189 2096 epiphaniam
1213 2008 1411 2074 comitabatur

289 2131 400 2218 (Exod.
416 2135 492 2213 XX,
513 2133 563 2211 16,
581 2129 650 2216 19),
675 2148 704 2200 et
727 2156 814 2222 quem
838 2133 1010 2215 σάλπιγγος
1033 2129 1114 2224 ἀϋτῇ
1137 2139 1289 2221 comparat
1303 2146 1410 2199 auctor

287 2260 383 2347 Epist.
401 2260 439 2323 ad
453 2259 543 2324 Hebr.
559 2260 628 2337 Xll,
646 2257 696 2336 19,
721 2259 760 2324 ad
778 2259 946 2347 Symmachi
963 2254 1129 2344 ἠχούντων
1152 2272 1283 2347 spectare
1306 2281 1407 2348 posse.

286 2383 463 2449 Particulam
489 2389 717 2473 comparationis
741 2398 808 2449 ante
831 2390 905 2479 ³3³0
930 2388 1066 2449 omissam
1090 2407 1167 2462 esse,
1191 2386 1245 2448 vix
1268 2405 1345 2470 opus
1362 2395 1409 2448 est

287 2521 323 2573 ut
344 2531 495 2590 moneam3
520 2510 556 2575 ci.
572 2512 622 2575 Ps.
641 2509 765 2588 CXXV,
783 2509 813 2575 2.
859 2509 919 2574 Alii
942 2521 1063 2575 vertunt
1087 2506 1179 2574 Sicci
1201 2519 1246 2574 cst
1265 2509 1299 2572 in
1323 2503 1407 2574 Sec·

287 2635 422 2718 ολνονίο,
452 2657 480 2722 q.
504 2606 651 2702 distem
679 2635 879 2701 tersionem
907 2637 1043 2720 λοοοάίλ,
1073 2635 1156 2725 quod
1185 2635 1257 2700 mihi
1287 2631 1406 2722 quidem

286 2759 368 2824 haud
390 2763 432 2824 ita
455 2760 573 2825 arridet.

375 2907 405 2948 v.
425 2882 476 2949 19.
495 2885 592 2950 -Hunc
614 2906 748 2962 versum,
776 2905 864 2974 quem
886 2907 925 2950 ex
947 2883 1083 2952 Dehorae
1107 2889 1218 2951 cantico
1242 2887 1405 2951 imitatione

287 3029 460 3094 expressum
489 3031 552 3073 esse
570 3010 633 3094 jam
657 3032 748 3097 supra
770 3013 889 3087 notavi,
918 3023 995 3076 recte
1018 3015 1227 3098 interpretatus
1252 3023 1297 3076 cst
1318 3010 1405 3075 hlau-

285 3153 380 3208 rerus‚
406 3135 457 3219 qui
480 3133 658 3198 locutionem
682 3136 794 3238 Πῖζλξλ
817 3127 940 3238 niihil?
964 3111 1076 3242 ljll'lpl'z
1099 3139 1141 3200 sic
1156 3136 1307 3224 intelligit:
1331 3158 1404 3200 »oe-

286 3257 364 3342 cipe
387 3255 470 3321 dcco
494 3281 573 3346 quoe
597 3259 641 3322 od
653 3257 790 3324 homines
807 3262 974 3346 pertinent,
997 3264 1119 3348 proprie
1135 3260 1218 3348 quod
1234 3259 1404 3326 Germanice

286 3377 409 3446 dicimus
440 3405 481 3447 οο
503 3382 684 3466 Meneclem,
716 3397 752 3448 ut
775 3383 847 3448 Gen.
861 3385 928 3462 Vll,
952 3381 991 3450 21
1024 3398 1053 3449 et
1080 3385 1181 3450 alibi«
1225 3386 1265 3450 Et
1293 3385 1403 3451 dictum

283 3519 371 3594 putat
394 3505 429 3571 de
452 3511 489 3571 iis
508 3509 639 3596 populis,
664 3513 715 3596 qui
733 3510 810 3574 ultro
827 3531 858 3574 sc
874 3510 976 3575 divino
992 3514 1115 3598 imperio
1132 3509 1294 3598 subjecturi
1309 3523 1402 3588 erant,

283 3652 396 3718 nempe,
416 3631 452 3695 dc
467 3633 635 3719 proselytis.
665 3633 709 3697 De
722 3632 897 3699 Schnurreri
914 3638 1165 3724 interpretatione,
1183 3657 1271 3722 quam
1286 3634 1404 3700 Rosen·

283 3755 422 3820 miillerus
440 3755 562 3843 probat,
588 3779 692 3844 nempe
715 3762 842 3846 »accipis
866 3782 987 3825 munera
1010 3763 1086 3826 inter
1109 3760 1253 3836 homines,
1278 3758 1402 3824 rebelles

283 3883 406 3958 etiam«,
443 3893 478 3944 ut
505 3881 635 3946 lehovae
665 3905 787 3948 munera
814 3883 851 3948 ab
881 3884 1001 3950 infensis
1030 3889 1116 3950 etiam
1145 3884 1316 3949 hominihus
1347 3883 1402 3948 ob-

282 4004 341 4069 lata
364 4006 574 4093 significentur,
599 4006 734 4094 obsequii
757 4021 787 4074 et
810 4007 1014 4075 observantiae
1038 4031 1141 4087 causa,
1164 4009 1322 4076 Maurerus
1345 4012 1400 4074 ait:

282 4143 404 4217 »aptum
433 4131 492 4195 hoc
515 4153 634 4218 quoque
662 4135 720 4196 nisi
751 4134 834 4221 quod
862 4138 904 4199 ita
933 4137 1046 4239 Utis?
1072 4148 1117 4200 cst
1140 4137 1299 4200 otiosius.«
1344 4134 1400 4200 Hic

280 4254 364 4319 locus
394 4254 590 4343 theologicam
620 4259 823 4323 auctoritatem
851 4283 914 4330 non
938 4282 1021 4324 suam
1044 4259 1101 4324 sibi
1124 4260 1292 4325 conciliavit
1314 4258 1401 4324 dum-

280 4388 365 4448 taxat
386 4393 544 4468 propteree
567 4382 650 4470 quod
673 4396 777 4449 auctor
798 4383 950 4471 Epistolaa
973 4385 1011 4451 ad
1033 4385 1180 4474 Ephesios
1204 4381 1267 4468 (tv,
1287 4383 1335 4470 8),
1365 4397 1401 4452 ut
