3164 5176
152 593 217 669 erit,
247 612 336 678 quam
360 593 385 655 si
407 589 484 655 hane
507 589 738 679 designationem
763 589 799 655 de
822 611 938 656 summo
962 611 995 655 ae
1016 594 1149 680 principe
1172 615 1274 657 eorum

151 717 317 804 praedicari
348 729 551 794 autumamus,
583 736 659 803 quos
687 715 812 780 Jeremia
835 727 923 781 vocat
952 711 1051 799 (XLI,
1077 714 1136 801 16)
1160 724 1274 822 ΠἾᾮᾏ

152 817 324 945 flpfflbffl
348 838 454 934 ldlltf.
498 841 559 906 Sed
588 854 617 906 et
643 845 707 928 ipse
730 854 887 907 contextus
911 843 1004 906 similo
1028 843 1101 929 quid
1123 813 1273 931 efflagitat.
1381 925 1386 941 ,

151 938 304 1032 Habemus
333 937 410 1031 enim
443 968 492 1031 hie
522 968 732 1053 amplissimae*
747 967 898 1055 dignitatis
931 967 1082 1031 mulierem
1112 969 1147 1034 de
1176 969 1274 1034 reditu

151 1095 262 1157 summi
284 1091 367 1157 ducis
391 1091 581 1179 ejusdemque
604 1092 656 1156 filii
680 1096 726 1157 sui
749 1092 953 1156 hariolantem.
988 1091 1067 1173 Quid
1089 1092 1207 1157 tandem
1222 1095 1274 1157 tali

149 1239 298 1304 personae
326 1216 576 1282 accommodatius
606 1239 694 1305 quam
723 1230 758 1281 ut
786 1217 822 1281 de
848 1221 1035 1304 imperatoris
1059 1219 1162 1304 spoliis
1186 1217 1274 1282 etde

151 1364 208 1407 sua
229 1343 355 1428 praedae
378 1343 604 1430 participatione
627 1341 821 1428 loqueretur?
850 1341 926 1407 Nam
949 1346 991 1408 sie
1014 1344 1069 1407 ait:

197 1496 315 1556 ”Nonne
330 1498 484 1569 inveniunt,
501 1496 627 1554 dividunt
642 1497 792 1572 praedam?

196 1606 259 1663 Una
273 1606 373 1682 puella,
389 1605 473 1662 immo
490 1605 559 1662 duae
574 1603 681 1681 puellae
698 1615 763 1661 sunt
778 1603 928 1664 fortissimo
945 1606 1009 1665 duci
1023 1603 1138 1682 praeda!

112 1775 115 1780 ,
197 1712 291 1770 Vestis
305 1715 400 1784 tincta,
416 1715 500 1772 immo
517 1712 587 1770 duae
602 1721 694 1770 vestes
710 1714 813 1770 tinctae
829 1725 894 1772 sunt
909 1715 1001 1773 Siarae
1015 1713 1130 1790 praeda!

197 1819 291 1878 Vestis
302 1839 355 1880 acu
365 1823 447 1898 picta,
459 1823 543 1878 immo
556 1821 625 1878 duae
634 1830 725 1878 vestes
738 1838 790 1878 acu
800 1823 890 1898 pictae
902 1832 966 1879 sunt
977 1840 1039 1880 meo
1052 1822 1122 1880 eollo
1134 1821 1250 1897 praeda!
1260 1843 1272 1866 ι

241 1969 387 2057 Imprimis
410 1993 528 2048 moneo,
552 1969 721 2034 incredibile
737 1992 801 2034 esse
817 1969 891 2035 duas
908 1973 1039 2057 captivas
1057 1971 1182 2059 singulis
1197 1973 1273 2037 mili·

150 2095 234 2160 tibus
257 2117 389 2183 unquam
413 2094 565 2183 obtigisse.
603 2095 681 2160 lllud
702 2099 800 2184 aptius
824 2110 902 2161 esset
922 2097 1033 2180 γέρας,
1057 2099 1083 2160 si
1106 2099 1173 2184 quis
1197 2100 1273 2162 inter

150 2219 309 2285 bellatores
333 2241 396 2286 sose
413 2219 617 2308 dignissimum
634 2224 830 2308 praestiterat,
855 2225 903 2285 eui
918 2217 1064 2304 ἀριστεῖα
1078 2221 1270 2300 deferrentur,

151 2344 291 2409 Proiecto
314 2367 351 2410 ne
375 2345 483 2441 ducum
513 2345 631 2432 quidem
657 2349 793 2431 ipsorum
814 2349 1022 2432 unusquisque
1044 2369 1100 2433 pro
1124 2369 1179 2411 sua
1200 2369 1273 2433 por·

151 2473 234 2534 tione
263 2470 336 2535 duas
360 2471 508 2536 Briseidos
536 2471 689 2557 postulare
711 2473 821 2558 potuit.
861 2469 994 2534 Naaman
1016 2473 1094 2557 ipse,
1125 2475 1271 2535 exereitus

153 2594 224 2682 Syri
248 2594 325 2674 dux,
350 2599 397 2661 vir
418 2617 540 2683 maguae
565 2599 748 2660 auctoritatis
772 2595 853 2682 apud
877 2594 1028 2659 dominum
1052 2618 1154 2672 suum,
1183 2618 1272 2660 unam

153 2719 309 2786 dumtaxat
326 2724 471 2808 captivam
485 2720 817 2786 Israeliticam·habebat
832 2715 866 2802 (2
877 2720 950 2807 Reg.
966 2743 990 2784 c.
1003 2717 1065 2802 V.).
1090 2720 1150 2784 Pro
1162 2724 1271 2786 eximio

152 2869 223 2911 sane
246 2849 376 2933 praemio
401 2846 613 2912 aestimandaun
637 2859 715 2923 erat,
741 2849 766 2910 si
789 2848 836 2910 eui
860 2845 935 2910 duae
957 2846 1071 2933 puellae
1095 2845 1271 2933 obtigerant.

151 2971 192 3036 Et
213 2973 299 3058 plane
323 2985 447 3060 apparet
469 2973 570 3038 duales
592 2972 657 3036 illas
676 2994 764 3038 voees
788 2975 818 3038 in
842 2973 900 3036 hoe
923 2985 1064 3038 commate
1088 2972 1126 3037 ad
1149 2972 1272 3058 amplifi-

153 3096 276 3162 candam
300 3101 472 3164 senteutiam
495 3110 655 3185 usurpatas
679 3121 752 3162 esse.
787 3097 888 3184 Atque
911 3098 993 3162 haud
1016 3101 1077 3162 scio
1101 3121 1137 3162 an
1162 3101 1271 3185 optime

151 3223 317 3287 illustretur
338 3223 411 3288 haee
434 3226 638 3311 exaggeratio,
668 3223 887 3288 narratiuncula
912 3223 1038 3310 quadam
1062 3246 1151 3311 quam
1173 3227 1205 3287 in
1226 3246 1272 3288 re-

152 3350 276 3413 centiori
301 3346 514 3413 Germanorum
542 3349 667 3413 historia
689 3351 803 3424 inveni,
834 3370 922 3435 quam
945 3352 1037 3440 miror
1058 3351 1203 3412 neminem
1226 3361 1273 3412 tot

152 3473 341 3552 Teutonum,
374 3477 425 3561 qui
447 3474 527 3539 hunc
550 3497 668 3538 versum
692 3474 849 3559 explanare
874 3475 971 3536 conati
994 3484 1078 3548 sunt,
1109 3475 1139 3535 in
1162 3495 1272 3536 memo-

150 3601 226 3664 riam
248 3621 413 3665 revocasse.
454 3599 529 3664 Post
550 3600 697 3687 proelium
720 3598 931 3685 Ampfingense
954 3596 992 3660 A.
1009 3597 1046 3660 D.
1062 3594 1270 3662 MCCCXXII.

152 3745 214 3811 quo
229 3723 411 3802 Ludovieus,
436 3725 581 3788 Boiorum
598 3725 674 3802 dux,
699 3723 881 3788 Fridericum
896 3722 1087 3817 Austriaeum
1105 3721 1270 3799 debellavit,

150 3851 249 3913 victor
264 3853 410 3915 exercitus
427 3849 500 3914 nihil
514 3872 569 3937 per
583 3873 678 3938 pagos
695 3871 838 3938 quaerens
854 3871 909 3936 pro
927 3847 993 3913 cibo
1009 3851 1139 3913 invenire
1154 3859 1274 3936 poterat

113 4053 119 4060 ·
150 3985 269 4061 praeter
291 3974 465 4062 gallinarum
490 3997 556 4039 ova.
593 3975 657 4040 Jam
675 3999 746 4040 vero
763 3974 1083 4062 Schweppermannus,
1107 3972 1271 4061 praefectus

151 4099 286 4178 militum,
312 4104 363 4187 qui
387 4122 517 4188 pugnam
534 4099 797 4176 administraverat,
823 4103 956 4164 omnium
971 4121 1117 4164 consensu
1133 4121 1195 4164 sese
1211 4097 1272 4162 lor-

151 4228 299 4289 tissimum
322 4224 509 4312 praebuerat.
557 4226 655 4308 Quum
684 4228 775 4312 igitur
797 4223 969 4290 Ludovieus
992 4222 1155 4312 Imperator
1183 4226 1272 4287 resci-

151 4353 244 4414 visset
265 4351 341 4415 nihil
363 4373 427 4416 seso
449 4354 506 4415 nisi
531 4374 587 4415 ova
604 4374 661 4438 pro
678 4364 842 4416 commeatu
864 4350 1045 4426 habiturum,
1070 4352 1119 4428 ita,
1144 4348 1271 4415 barbaro

152 4474 283 4561 quodam
306 4499 430 4542 numero
453 4499 538 4555 usus,-
562 4477 767 4544 alimentorum
791 4475 1030 4543 distributionem
1053 4475 1215 4542 ordinavit:
