3160 5170
683 281 752 352 151

338 491 437 577 Ignem
464 494 542 556 enim
565 493 704 556 timuistis
727 511 823 578 neque
847 496 905 580 ipsi
929 507 1060 559 mentem
1085 494 1279 560 conscendere

742 620 806 681 ausi
830 620 910 684 estis.

338 737 389 804 Sia
410 741 503 828 igitur
526 739 603 806 dixit
624 739 753 806 Jehova:

704 866 726 929 Ι.

152 1007 255 1051 oeuev.
282 1005 314 1066 [a]
339 989 423 1078 »ligo
448 1011 515 1054 sum
537 989 652 1056 Jehova
674 989 756 1054 Deus
780 1003 861 1068 tuus,

338 1114 396 1198 Qui
420 1115 511 1180 eduxi
534 1128 563 1188 te
586 1137 625 1180 ex
645 1115 798 1203 Aegypto,
825 1115 914 1180 demo
938 1118 1090 1180 servitutis
1112 1128 1196 1180 tuae:

280 1253 313 1313 [a]
336 1241 454 1328 Itaque,
479 1264 515 1306 ne
539 1241 617 1304 colas
641 1241 714 1305 alios
740 1240 811 1306 deos
836 1245 866 1305 in
890 1254 1051 1329 conspeetu
1073 1264 1149 1306 meo.

695 1365 741 1430 ll..

281 1505 314 1566 [a]
337 1487 381 1556 Ne
403 1489 492 1556 saeias
516 1488 571 1560 tibi
594 1490 729 1577 seulptile
753 1491 842 1556 atilius
865 1492 993 1580 figurae,
1064 1578 1066 1586 Ι

338 1616 420 1699 Quae
443 1619 474 1682 in
498 1616 581 1680 eaelo
605 1619 645 1680 sit
667 1614 794 1703 desuper
818 1617 864 1680 vel
886 1620 917 1682 in
939 1631 1018 1683 terra
1041 1617 1194 1694 deorsum,

336 1741 393 1806 Vel
415 1745 446 1805 in
470 1744 565 1828 aquis,
590 1761 666 1828 quae
690 1741 746 1806 sub
769 1755 849 1806 terra
872 1755 957 1820 sunt,

280 1862 380 1943 [91Eo
405 1867 529 1932 consilio
553 1879 588 1930 ut
611 1867 657 1930 vel
680 1867 809 1933 adoretis
833 1889 866 1932 ea
892 1868 937 1932 vel
959 1870 1144 1933 veneremini.

334 1993 400 2080 Ego
424 1995 500 2058 enim
524 2013 589 2055 sum
613 1991 728 2058 Jehova
750 1993 832 2058 Deus
855 2007 935 2071 tuus,
959 1994 1040 2059 Deus
1064 1993 1205 2070 aemulus,

337 2117 394 2201 Qui
418 2140 510 2205 quum
531 2121 699 2204 parentium
722 2119 838 2206 eulpam
862 2141 952 2204 super
974 2117 1082 2185 liberos
1106 2117 1264 2204 rependam

334 2243 384 2308 Ad
412 2245 528 2309 tertiam
557 2256 751 2332 quartamque
779 2247 998 2333 generationem
1026 2267 1130 2310 eorum
1153 2248 1205 2331 qui
1226 2265 1273 2308 me

739 2369 882 2446 oderunt,

263 2508 311 2571 [ιο]
335 2495 480 2562 Beneficia
503 2508 599 2560 tamen
624 2495 769 2560 cumulem
791 2498 822 2560 in
844 2494 934 2560 miliia
956 2496 1195 2581 generationum,

333 2622 371 2685 Iis
395 2625 447 2710 qui
469 2643 515 2686 me
539 2621 667 2708 diligunt
689 2633 718 2685 et
740 2631 897 2707 praecepta
918 2642 983 2684 mea
1006 2619 1175 2686 observant.

687 2745 733 2810 ΙΙΙ.

263 2883 311 2945 [11]
335 2871 379 2937 Ne
403 2874 540 2936 enunties
563 2893 672 2938 nomen
686 2870 817 2940 Jehovae
832 2870 887 2935 Dei
910 2874 955 2934 tui
978 2873 1009 2934 in
1031 2868 1175 2935 mendacii
1192 2892 1272 2934 asse·

738 2999 935 3074 verationem3

333 3120 408 3188 Nam
431 3125 549 3189 minime
566 3145 647 3201 eum,
671 3125 723 3209 qui
738 3123 798 3191 boe
812 3122 926 3200 feeerit,
951 3125 1130 3209 impunitum
1145 3122 1271 3212 dimittet

735 3246 860 3314 tehova.

680 3373 731 3438 IV.

262 3513 311 3578 [ιε]
336 3498 470 3568 Observa
492 3499 568 3568 diem
590 3501 742 3587 requietis,
768 3510 804 3562 ut
826 3496 988 3563 sanctifices
1012 3517 1078 3560 eum
1100 3506 1194 3581 prout
1215 3493 1270 3558 tibi

739 3626 889 3710 praecepit
910 3620 1025 3687 debora
1048 3620 1129 3685 Deus
1151 3633 1232 3684 tuus.

263 3766 311 3827 [aa]
336 3751 398 3818 Sex
421 3751 524 3818 diebus
548 3749 664 3828 labora,
689 3764 719 3816 et
742 3751 841 3814 omnia
863 3751 983 3836 negotia
1004 3760 1057 3811 tua
1079 3745 1204 3823 saeesse3

260 3892 309 3953 [ιι]
334 3877 395 3944 Sed
417 3881 559 3964 septimus
584 3875 646 3943 dies
670 3888 715 3940 est
736 3878 853 3962 requies
876 3873 1007 3940 Jebovae
1031 3872 1086 3938 Dei
1108 3875 1168 3947 tui,

333 4004 401 4086 Quo
431 3987 592 4068 abstinebis
622 3999 659 4064 ab
691 4003 771 4066 omni
800 4020 904 4084 opere,
936 4011 1029 4084 tuque
1056 4010 1085 4062 et
1106 3996 1159 4060 filii
1181 3996 1270 4059 filiae-

736 4147 793 4212 que
817 4127 876 4201 tui‚
913 4155 918 4177 o

334 4251 445 4320 Servus
474 4266 504 4318 et
532 4252 637 4318 ancilla
665 4263 694 4315 et
715 4250 772 4316 bos
799 4261 827 4314 et
849 4251 965 4325 asinus,
996 4260 1025 4313 et
1048 4268 1133 4311 omne
1152 4247 1270 4332 jumen-

737 4389 799 4444 tum
823 4387 921 4450 tuum,
