3166 5178
150 603 281 668 ναικῶν.
310 603 353 669 Ne
369 603 440 692 quid
462 616 559 668 autem
575 603 656 670 dubii
678 606 896 694 relinqueretur,
922 607 1034 673 addidit
1048 620 1159 684 auctor,
1175 629 1263 692 πρω-

149 725 303 810 τογόνους
333 743 450 796 nostros
482 753 542 794 una
572 729 683 796 edendo
712 735 896 819 perspexisse
926 755 957 797 se
987 733 1085 798 nudos
1115 729 1262 836 (ΠὮἙ)

150 879 223 920 esse.
270 856 417 922 Pudorem
439 859 527 922 istum
551 858 698 921 sexualem
720 880 781 921 non
803 870 869 922 ante
891 857 1074 945 pubertatem
1098 862 1175 935 oriri,
1200 880 1262 923 cer·

149 984 295 1046 tissimum
318 995 369 1047 est.
416 981 504 1046 Pueri
531 981 701 1071 puellaeque
729 981 852 1048 infantes
876 1005 988 1048 summa
1015 1006 1130 1048 morum
1154 988 1263 1072 cogita-

149 1111 321 1196 tionumque
342 1110 506 1172 innocentia
527 1129 587 1172 una
610 1106 733 1193 degum,
757 1120 895 1196 tanquam
918 1113 943 1174 si
966 1108 1071 1173 diversi
1094 1132 1181 1175 sexus
1204 1133 1264 1175 non

150 1246 262 1313 essent3
291 1234 343 1298 sed
369 1244 459 1322 quum
487 1232 574 1298 semel
597 1237 704 1298 conscii
731 1233 838 1299 luerint
860 1233 928 1299 facti
954 1239 1107 1322 potestatis
1136 1247 1165 1299 et
1188 1235 1263 1301 desi·

149 1333 224 1423 deni
246 1360 387 1436 sexualis,
409 1360 484 1424 illico
510 1358 653 1445 pudorem
675 1362 855 1446 concipiunt,
878 1383 910 1427 ea
934 1383 1007 1448 quae
1035 1383 1138 1426 sexum
1162 1361 1263 1426 distin-

149 1498 248 1571 guunt
271 1485 450 1570 contegenda
472 1487 647 1561 existimant,
672 1497 709 1561 et,
734 1488 864 1572 quamvis
891 1489 948 1549 sint
970 1486 1057 1550 rudes
1081 1509 1113 1551 ac
1136 1486 1263 1562 barbari,

150 1609 333 1698 subligaculo
349 1611 541 1700 qualicunque
564 1633 595 1674 se
617 1613 817 1698 praecingunt.
848 1609 935 1684 Quod
955 1615 1109 1698 praecipue
1131 1613 1209 1676 valet
1229 1611 1264 1676 de

150 1735 227 1799 virili
247 1739 440 1824 generationis
456 1759 576 1823 organo,
593 1735 672 1824 quod
696 1735 870 1823 singularem
893 1735 1037 1824 quendam
1061 1736 1198 1801 obscoeni
1219 1741 1263 1801 in·

82 1865 86 1872 ”
151 1864 247 1946 guinis
269 1861 420 1926 horrorem
442 1864 554 1926 incutit.
584 1861 648 1926 Hoc
670 1861 743 1925 illud
766 1861 908 1948 estquod
930 1865 1077 1927 verissime
1101 1862 1266 1928 observavit

151 1999 271 2051 sanctus
299 2001 399 2052 noster
421 1999 516 2051 vates:
540 1999 723 2074 »serpentem
750 1989 780 2050 in
803 1986 937 2052 omnibus
966 1987 1137 2054 animalibus
1162 1992 1265 2053 eximia

151 2111 283 2176 nuditate
307 2115 496 2200 conspicuum
518 2112 626 2178 fuisse«
643 2105 727 2195 (Gen.
745 2111 790 2189 ΠΙ,
811 2107 841 2195 1)
854 2106 889 2193 ¹).
921 2109 989 2178 Scio
1010 2114 1142 2201 equidem
1166 2137 1265 2180 omnes

151 2237 189 2303 ad
212 2238 291 2302 hunc
315 2237 390 2304 diem
414 2241 586 2326 interpretes
609 2238 730 2302 verbum
746 2243 840 2341 nl'tp
855 2238 1014 2303 reddidisse
1038 2227 1197 2304 »callidus«
1220 2239 1266 2304 vel

152 2363 345 2450 »malignus«.
382 2361 449 2427 Scio
474 2367 558 2427 etiam
581 2375 692 2427 veteres
714 2364 805 2427 multa
821 2363 928 2428 dixisse
950 2364 986 2427 de
1008 2364 1133 2450 maligna
1155 2377 1184 2428 et
1206 2365 1265 2428 cal·

154 2487 212 2551 lida
233 2492 376 2575 serpentis
398 2483 494 2553 indole
518 2483 571 2571 (cl.
590 2487 662 2554 Gen.
680 2487 786 2565 XLIX,
808 2487 856 2552 17.
881 2489 987 2552 Matth.
1005 2488 1044 2564 X,
1067 2488 1116 2552 16.
1141 2489 1264 2552 Aristot.

156 2611 192 2677 H.
208 2614 243 2678 Α,
260 2613 287 2691 l,
313 2613 362 2678 14.
396 2613 504 2700 Aesop.
527 2611 584 2677 lab.
606 2607 741 2693 70cet.).
786 2611 854 2676 Scio
881 2613 1018 2701 denique,
1047 2635 1137 2700 quum
1165 2613 1266 2677 ambae

154 2761 239 2804 voces
264 2739 301 2802 ad
324 2739 449 2804 radicem
465 2744 545 2843 DJ?
561 2737 732 2816 referantur,
749 2737 985 2826 chicographos
1001 2737 1177 2825 distinguere
1192 2743 1267 2802 inter

153 2868 258 2968 DQ
281 2864 449 2941 »callidus«,
472 2876 502 2928 et
515 2855 610 2967 ΠἿἾῌ
625 2864 672 2928 vel
686 2854 776 2968 D'Wll,
802 2863 947 2953 »nudus«.
972 2863 1069 2938 Quum
1091 2876 1188 2928 tamen
1210 2864 1267 2928 hoc

152 2954 329 3054 vocabulum
362 3013 417 3076 pro
445 2989 600 3053 foeminino
627 2989 735 3054 babeat
760 2995 878 3093 diffidi,
907 3011 962 3075 pro
989 2989 1095 3076 plurali
1118 2994 1264 3083 nllpl'llt,

153 3114 287 3202 equidem
311 3137 370 3180 non
394 3114 514 3201 dispicio
537 3137 590 3178 cur
612 3128 799 3202 punctatores
823 3082 919 3178 boscio
936 3137 1010 3202 quos
1033 3128 1092 3179 tam
1117 3137 1201 3179 caeca
1215 3085 1266 3178 vc·

152 3243 303 3304 nerationc
324 3243 462 3327 prosequi
485 3239 614 3304 debeam.
660 3239 693 3304 Si
715 3243 804 3326 igitur
826 3263 886 3304 uno
909 3251 1059 3305 stemmate
1083 3243 1268 3304 continentur

152 3367 287 3428 notiones
311 3365 486 3429 calliditatis
509 3377 538 3429 et
559 3365 721 3445 nuditatis,
751 3387 811 3428 non
839 3365 898 3428 duo
922 3378 1005 3428 erant
1033 3365 1175 3450 adjectiva
1201 3364 1267 3428 inde

153 3489 297 3565 derivata,
323 3489 488 3554 sedunum
511 3488 708 3566 solummodo,
733 3488 957 3578 quodpropter
980 3488 1130 3552 foeminini.
1149 3502 1178 3552 et
1199 3489 1266 3576 plu·

153 3615 221 3677 ralis
249 3613 491 3679 conformationes
518 3637 570 3701 per
595 3615 725 3678 vocalem
746 3613 857 3702 sbureq
885 3618 1048 3701 exprimens
1075 3619 1170 3721 nib?
1196 3636 1266 3702 pro·

154 3742 267 3803 nuntio.
299 3739 385 3814 Quod
408 3740 445 3803 ad
467 3743 732 3826 interpretationem
754 3739 843 3824 hujus
866 3740 922 3803 loci
945 3743 1057 3817 attinet,
1074 3742 1138 3828 quis
1160 3763 1267 3829 quaeso

155 3863 309 3928 crediderit
332 3863 455 3929 eundem
483 3867 653 3952 scriptorem
681 3867 710 3928 in
734 3863 850 3928 duobus
872 3867 1022 3929 versiculis
1047 3879 1107 3930 tam
1135 3869 1268 3952 proxime

155 3992 304 4066 connexis,
328 3989 414 4066 idem,
438 3990 493 4066 vol,
518 3993 542 4052 si
568 3993 659 4076 magis
686 3991 790 4076 placet,
814 4003 874 4054 tam
897 3989 955 4054 fere
983 3990 1058 4055 idem
1082 3989 1265 4067 vocabulum,

155 4114 236 4201 quod
257 4117 287 4177 in
309 4127 373 4178 tota
395 4117 558 4178 narratione
581 4127 695 4180 tamtum
717 4115 854 4204 ponderis
878 4129 1020 4193 exerceat,
1042 4115 1156 4179 diversa
1178 4117 1266 4201 signi·

228 4307 248 4371 ¹)
271 4307 431 4378 Quantopere,
450 4308 588 4378 pracsertim
606 4309 630 4361 in
648 4316 718 4381 gente
735 4305 857 4380 pastorali,
876 4304 905 4361 rel
917 4307 1021 4362 cerodae
1033 4307 1155 4378 θεάματα
1173 4309 1270 4383 ἐξορμᾷ

155 4407 192 4463 alc
209 4403 362 4479 ἀφροδίτην,
381 4405 457 4458 discas
476 4419 506 4460 ex
521 4406 650 4460 Theocrito
665 4407 682 4472 l,
701 4405 735 4462 87
755 4415 778 4460 et
795 4405 880 4478 Longo
898 4402 938 4469 lll,
953 4403 990 4458 13.
1017 4403 1079 4458 Vldc
1098 4407 1168 4459 etiam
1184 4405 1267 4461 Caldo-

155 4519 208 4567 ron,
227 4504 250 4556 et
266 4499 373 4574 Mdyico
389 4505 546 4576 prodigioso,
567 4505 694 4571 Tomlll,
706 4505 757 4558 415
776 4502 882 4558 echil.

1002 4610 1018 4663 l
