3164 5176
177 585 249 651 alios
275 586 374 651 hostes
398 585 556 651 debellasse
580 581 722 668 (alvu).
768 587 811 651 lta
838 599 873 650 ut
899 587 1042 652 Israelitae
1070 585 1288 652 triumvirorum

175 711 288 789 Ehudi‚
313 711 464 789 Gideonis‚
493 724 524 776 et
545 711 688 798 Jephthae
717 715 851 798 auspiciis
878 735 938 777 uno
965 716 1075 800 impetu
1103 725 1287 798 assurgentes

176 836 389 914 Moabitarum,
418 837 665 914 Ammonitarum
697 849 725 902 et
752 837 968 902 Midiauitarum
998 841 1104 924 jugum
1138 849 1286 903 exuerent.

177 959 259 1037 Quae
282 966 306 1026 si
326 966 369 1026 ita
391 965 457 1040 sint,
473 962 571 1028 Ehudi
592 961 703 1028 facinus
727 976 756 1028 et
778 967 935 1028 auctoritas
953 960 1010 1045 (lll,
1030 959 1171 1046 12-30)
1195 965 1288 1029 alieno

176 1086 242 1152 loco
266 1100 538 1164 commemorantur,
562 1101 591 1153 et
613 1087 767 1174 releganda
790 1101 858 1152 sunt
881 1088 918 1152 ad
941 1101 1081 1174 tempora,
1104 1111 1178 1177 quae
1192 1087 1289 1154 Jabini

177 1211 398 1277 debellationem
420 1213 682 1302 subsequebantur.
706 1213 756 1278 Ad
778 1234 922 1278 summum
946 1212 1126 1278 demonstrat
1147 1213 1288 1278 Herveins

175 1335 329 1424 periodum
364 1341 439 1402 inter
464 1338 585 1403 Josuam
619 1351 648 1402 et
678 1335 841 1404 Samuelem
874 1339 966 1402 multo
994 1337 1156 1404 breviorem
1189 1337 1287 1434 fuisse,

176 1483 264 1550 quam
280 1483 353 1550 quae
376 1466 405 1526 in
425 1464 566 1528 tralaticia
587 1463 774 1549 'chronologia
795 1461 1009 1541 circumiectum
1032 1467 1062 1527 in
1083 1467 1175 1550 eapite
1193 1466 1287 1550 primo

176 1610 204 1651 v.
229 1587 246 1650 1
270 1586 424 1674 legendum
453 1611 515 1654 esse
541 1601 630 1675 »post
657 1601 780 1652 mortem
808 1587 938 1665 Moris«,
962 1587 1014 1653 ubi
1042 1611 1119 1653 nunc
1147 1587 1288 1652 babemus

176 1725 267 1798 »post
288 1725 411 1779 mortem
426 1712 572 1789 Jeme«,
598 1725 627 1778 ct
648 1716 677 1776 in
701 1735 725 1778 c.
742 1713 800 1790 XI,
824 1736 851 1777 v.
870 1712 911 1777 26
934 1712 1109 1778 vccabtdum
1124 1709 1206 1818 Πξζὶ
1222 1734 1287 1776 eor-

176 1849 296 1924 ruptum
330 1860 393 1904 esse
420 1850 449 1904 et
482 1837 717 1902 substituendum
745 1843 809 1930 unt
836 1837 883 1901 vel
914 1841 1021 1942 niti&
1055 1860 1123 1902 narn
1152 1841 1288 1926 quoniam

175 1964 337 2049 sexaginta
357 1965 448 2028 urbes
463 1962 625 2028 dimidiatae
639 1962 863 2026 Manassitarum
886 1961 975 2026 trihui
998 1962 1167 2048 obtigerunt
1182 1957 1287 2046 (Dent.
1326 1999 1329 2006 =

176 2087 223 2164 ΠΙ,
239 2086 270 2152 4.
297 2087 400 2174 lReg.
411 2087 462 2166 IV,
478 2082 540 2169 13),
566 2087 706 2152 ducentae
729 2099 757 2152 et
779 2087 973 2175 quadraginta
995 2086 1083 2152 urbes
1103 2090 1185 2174 justa
1208 2109 1288 2153 eom·

176 2215 328 2300 putatione
349 2216 492 2299 pertinere
507 2212 652 2278 debebant
673 2213 710 2277 ad
734 2212 805 2277 duas
828 2212 932 2290 tribus,
948 2213 1111 2296 Rubenitas
1134 2213 1242 2278 sedicet
1261 2225 1289 2278 et

177 2335 313 2414 Gaditas,
338 2341 387 2426 qui
409 2339 485 2404 illam
508 2335 642 2403 Sichonis
665 2340 810 2424 regionem
834 2337 1013 2403 obtinebant.
1042 2337 1092 2402 Ad
1115 2339 1195 2403 civile
1217 2337 1291 2402 illud
1367 2313 1373 2320 ι

175 2460 283 2528 bellum
307 2461 387 2551 quod
410 2465 527 2542 attinet,
551 2485 610 2550 quo
632 2462 839 2547 Benjaminitae
861 2484 953 2550 paene
976 2465 1065 2528 excisi
1093 2473 1213 2525 suntet
1236 2485 1287 2526 ex·
1396 2469 1397 2476 ’

177 2589 330 2663 terminati,
354 2587 494 2652 Herveius
517 2599 624 2663 monet,
648 2609 739 2675 quum
760 2587 915 2662 Phinebas,
938 2587 1064 2678 Aaronis
1093 2608 1194 2672 nepos,
1218 2598 1288 2652 tuno

175 2713 315 2797 temporis
338 2714 448 2777 viveret
470 2709 555 2794 (Jud.
572 2711 646 2788 XX,
663 2705 739 2793 28),
763 2710 835 2775 illud
862 2733 921 2775 non
947 2714 1077 2797 potuisse
1100 2713 1212 2776 evenire
1233 2714 1288 2776 nisi

176 2839 253 2902 intra
276 2849 391 2900 eentum
414 2859 505 2902 annos
527 2849 597 2925 post
617 2836 725 2900 Josuae
747 2847 884 2926 mortem3
913 2848 942 2900 et
964 2839 1023 2900 sive
1046 2835 1202 2911 concedas,
1229 2838 1289 2900 sive
1349 2885 1353 2892 .

177 2983 275 3046 neges,
300 2967 390 3033 1¹le
410 2962 564 3048 legendum
587 2983 649 3026 esse
672 2984 726 3049 pro
750 2967 860 3034 temno
883 2965 914 3025 in
932 2960 1001 3026 Jud.
1015 2960 1120 3038 tvm,
1137 2960 1189 3036 30,
1213 2960 1289 3025 idem

177 3085 244 3150 inde
264 3099 464 3172 argumentum
484 3085 620 3152 deducas.
651 3085 748 3160 Quum
762 3090 792 3150 in
808 3091 918 3152 cantico
933 3085 1067 3151 Deborae
1083 3086 1289 3172 benjaminitae

177 3211 252 3274 inter
273 3213 384 3296 primos
406 3215 591 3275 nominentur
615 3207 700 3292 (tud.
717 3211 755 3286 V,
782 3207 856 3293 14),
883 3216 934 3276 vix
955 3213 1107 3276 verisimile
1131 3224 1182 3289 est,
1207 3215 1288 3298 quic-

178 3356 265 3422 quam
299 3347 366 3398 ante
399 3334 429 3398 id
460 3348 576 3422 tempus
603 3336 670 3400 huic
699 3335 788 3400 tribui
818 3339 935 3420 gravius
968 3335 1119 3410 accidisse,
1155 3347 1183 3398 et
1213 3346 1289 3398 certe

178 3481 268 3548 quum
283 3459 406 3524 llbudus
424 3460 615 3544 benjaminita
638 3463 789 3524 universae
811 3463 891 3544 genti
912 3470 1059 3544 praeesset
1075 3454 1154 3539 (tut
1162 3458 1208 3535 ΙΙΙ,
1222 3453 1287 3538 27),

177 3584 258 3673 quod
279 3597 376 3650 tamen
397 3597 467 3672 post
483 3583 617 3650 Deborae
639 3595 771 3670 tempora
794 3587 922 3648 evenisse
943 3583 1077 3658 vidimus,
1100 3582 1172 3647 haec
1194 3581 1289 3648 tribus

177 3712 253 3774 inter
276 3721 384 3774 ceteras
406 3713 560 3774 eminuisse
582 3709 724 3774 credenda
745 3722 798 3774 est.
822 3708 862 3774 Ut
875 3708 999 3772 Herveio
1013 3707 1130 3774 videtur
1151 3704 1192 3795 (p.
1201 3704 1288 3790 236),

178 3833 258 3898 civile
280 3834 353 3898 illud
374 3833 482 3898 bellum
506 3846 535 3898 et
548 3833 805 3920 Benjaminitamm
821 3833 966 3901 excidium
987 3837 1018 3898 in
1039 3833 1152 3898 nullum
1173 3845 1289 3918 tempus

177 3958 279 4024 melius
302 3958 435 4046 quadrat,
452 3981 539 4046 quam
561 3962 592 4023 in
614 3960 730 4045 longam
752 3959 829 4024 illam
852 3962 979 4046 requiem
995 3981 1070 4047 qnae
1084 3957 1181 4023 Ebudi
1196 3960 1288 4022 victo-

176 4086 249 4148 riam
272 4082 462 4170 sequebatur,
491 4105 549 4172 quo
573 4095 718 4170 tempore,
742 4098 777 4148 ut
799 4083 951 4148 verisimile
974 4095 1032 4159 est,
1060 4083 1190 4148 bellicosi
1211 4081 1288 4146 Ben-

173 4208 323 4292 jaminitae
346 4207 505 4294 superbum
529 4230 563 4274 ec
577 4230 729 4294 procacem
744 4207 851 4271 fastum
874 4207 1068 4284 assumebant,
1084 4229 1177 4294 neque
1197 4206 1289 4271 ullum

80 4313 82 4316 ⁵
178 4344 240 4396 erat
270 4332 340 4397 ioris
369 4331 492 4409 bellum,
523 4333 602 4420 quod
631 4333 735 4396 civium
763 4335 873 4396 animos
903 4331 939 4395 ab
968 4333 1111 4396 intestinis
1138 4330 1289 4396 discordiis

179 4471 322 4522 avocaret.
363 4455 508 4546 Denique,
532 4459 667 4545 quoniam
689 4455 727 4520 ab
749 4459 835 4522 initiis
859 4453 1002 4521 Samuelis
1029 4477 1121 4545 usque
1144 4455 1182 4520 ad
1207 4479 1287 4521 sum·

1004 4577 1057 4632 ll*
