3160 5170
693 361 766 432 159

619 461 835 477 φ--ᾰ-ιο

166 569 281 636 dimas
306 569 494 649 exhibentes,
518 572 549 636 in
573 592 608 636 eo
633 569 790 649 dissident,
822 570 905 659 quod
927 569 1060 636 Euodus
1082 584 1111 637 et
1133 571 1289 637 Leviticae

166 695 204 760 ad
230 698 307 762 ritus
336 699 438 783 potius
464 707 494 760 et
517 699 711 775 ceremonias,
741 695 779 760 ad
807 695 949 762 formulas
974 697 1116 785 quasdam
1139 710 1169 762 et
1190 711 1286 773 notas,

165 820 267 908 quales
291 821 447 910 collegium
471 822 657 887 sacerdotum
681 825 849 910 excogitare
872 834 989 909 posset,
1020 825 1134 886 animos
1158 824 1287 887 inientes

164 945 285 1022 volunt,
320 947 599 1012 Deuteronoma‘ann
633 960 730 1013 antem
761 948 867 1012 altiora
894 959 1009 1033 spectat
1035 960 1065 1011 et
1092 947 1286 1024 commendat,

165 1071 264 1157 qualia
287 1091 386 1136 veram
415 1071 597 1160 relligionem
628 1095 661 1137 ae
688 1072 787 1138 bonos
815 1095 912 1138 mores
943 1085 1155 1158 promoveant,
1184 1075 1226 1136 ita
1253 1083 1288 1136 ut

162 1217 258 1282 paene
282 1209 478 1283 praeoccupet
494 1196 712 1263 Christianismi
735 1201 895 1275 rationem,
920 1219 996 1285 quae
1018 1221 1073 1264 nos
1097 1197 1237 1262 admonet
1254 1207 1289 1260 ut

164 1316 384 1407 ἀρνησάμενοι
412 1318 469 1407 τὴν
491 1315 644 1406 caecatae
665 1327 720 1386 καὶ
749 1318 809 1397 τὰς
838 1318 991 1408 κοσμικὰς
1017 1321 1197 1405 ἐπιθυμίας
1225 1336 1288 1385 σιο-

164 1445 296 1531 φρονῶς
323 1451 378 1510 καὶ
408 1445 539 1523 δικαίως
568 1453 622 1511 καὶ
652 1444 789 1530 είσεβῶς
821 1445 964 1533 ζήσωμεν
988 1446 1024 1512 ἓν
1046 1451 1091 1536 τῷ
1114 1447 1174 1512 νῦν
1195 1446 1289 1510 claim

164 1566 241 1653 (Tit.
260 1572 299 1648 Il,
320 1566 388 1651 12),
420 1585 449 1637 et
472 1595 563 1660 quum
588 1577 714 1638 seriores
738 1573 854 1685 Judae'p
873 1595 904 1637 se
926 1573 1089 1661 pririlegds
1112 1575 1174 1636 suls
1194 1573 1299 1680 jacta·
1386 1569 1390 1574 ’

162 1709 245 1774 rent,
271 1696 537 1762 Deuteronomium
558 1699 638 1762 Illius
663 1699 812 1762 ecclesiam
836 1701 930 1785 sapit,
956 1701 1008 1785 qui
1031 1695 1151 1761 ἔδωκεν
1172 1692 1290 1763 ἑαυτὸν

163 1817 246 1903 ὑπὲρ
275 1813 381 1906 donia,
416 1827 471 1886 tva
500 1821 697 1908 λυτρώσηται
727 1815 810 1908 ἡμᾶς
840 1817 906 1886 ἀπὸ
936 1821 1040 1908 πάσης
1067 1819 1205 1905 ἀνομίας
1234 1825 1289 1885 καί

164 1947 331 2036 καθαρίσῃ
354 1943 457 2033 ἑαυτῷ
478 1941 562 2011 λαὸν
584 1947 768 2035 περιοίσων
791 1941 933 2032 ζηλωτήν
954 1947 1065 2013 καλῶν
1087 1944 1189 2033 ἔργον
1212 1943 1286 2030 (Tit.

163 2070 203 2148 ll,
225 2067 288 2152 15).
332 2069 373 2137 Ut
402 2073 518 2136 silentio
548 2085 728 2160 praetereant
758 2077 898 2138 minutias
922 2077 1153 2139 ceremoniarum
1177 2086 1289 2138 cetero·

162 2217 291 2283 rumque
320 2197 519 2284 agendorum,
550 2197 659 2285 quibus
688 2212 804 2264 tantum
827 2202 968 2264 momenti
990 2198 1163 2263 tribuebant
1183 2199 1289 2263 Phari-

163 2323 225 2386 saei
248 2321 355 2409 aliiquc
370 2323 493 2388 Levitiei
517 2323 660 2400 homines,
686 2345 855 2410 comparare
879 2323 1031 2410 oportebit
1054 2321 1245 2408 ξενηλασίας
1260 2336 1289 2388 et

165 2445 328 2534 superbum
357 2425 583 2535 peregrinorum
615 2447 732 2526 odium,
765 2471 825 2535 quo
852 2451 1030 2513 recentiores
1052 2447 1159 2512 Judaei
1181 2451 1289 2512 emine·

164 2571 253 2649 bant,
284 2595 350 2638 curn
378 2577 544 2661 praeceptis
567 2573 624 2638 illis
647 2573 738 2636 modo
762 2596 824 2638 non
848 2571 1024 2638 Christianis
1048 2545 1286 2637 Deuteronomii:

167 2711 281 2762 »amate
309 2701 481 2785 peregrinos
512 2701 581 2786 quia
605 2721 660 2764 vos
689 2701 838 2786 peregrini
860 2697 958 2762 fuistis
982 2701 1013 2761 in
1035 2711 1114 2763 terra
1136 2697 1287 2786 Aegypti«

167 2818 314 2906 (Χ,19);
339 2846 413 2911 »ego
438 2826 588 2910 praecipio
613 2823 668 2888 tibi
691 2837 726 2889 ut
748 2827 863 2911 aperias
886 2845 1005 2889 manum
1025 2822 1108 2888 Iratri
1124 2836 1177 2888 tuo
1194 2845 1287 2911 egeno
1334 2911 1337 2916 ·

167 2962 196 3014 et
217 2950 357 3036 pauperi,
383 2951 434 3036 qui
457 2961 554 3014 tecum
577 2961 714 3014 versatur
736 2952 766 3013 in
790 2962 888 3014 terra«
913 2945 993 3032 (XV,
1013 2946 1084 3032 ll);
1116 2971 1199 3014 ‘uon
1221 2969 1289 3035 per·

124 3159 132 3172 ,
166 3086 263 3138 vertes
287 3071 433 3158 judicium
464 3077 611 3161 peregrlni
640 3087 670 3140 et
698 3074 817 3162 pupilli,
849 3097 903 3140 nec
927 3074 1039 3139 auferes
1063 3043 1198 3162 pIgnoris
1221 3074 1288 3138 loeo

167 3198 274 3263 viduae
297 3201 504 3264 vestimentum
528 3194 578 3281 (el.
594 3199 645 3264 Ps.
662 3199 798 3278 LXVIII,
816 3197 846 3264 5.
876 3200 965 3264 Dent.
981 3199 1026 3277 X,
1047 3196 1117 3282 18);
1147 3198 1200 3263 sed
1228 3221 1288 3262 me-

167 3324 300 3400 mineris,
331 3322 483 3409 quomodo
514 3327 649 3390 servieris
678 3327 709 3390 in
731 3324 889 3412 Aegypto,
920 3337 950 3388 et
977 3336 1006 3387 te
1030 3323 1098 3387 inde
1120 3322 1290 3388 liberaverit

166 3446 281 3512 Jchova
296 3447 378 3512 Deus
401 3460 488 3514 tnust
511 3450 621 3516 ichrco
645 3452 794 3537 praecipio
811 3447 881 3524 tibi,
906 3459 941 3511 nt
955 3447 1014 3512 hoe
1028 3446 1139 3511 facias«
1164 3442 1287 3528 (XXIV,

170 3568 303 3655 17‚18).

254 3697 300 3763 ΙΠ.
335 3677 401 3764 Janl
424 3719 495 3766 vero
520 3712 701 3766 antestemur
723 3697 852 3764 Micham
871 3697 1108 3784 Morasthaeum‚
1134 3697 1185 3784 qui
1208 3696 1287 3762 ultro

166 3822 255 3889 nobis
278 3845 379 3888 aurem
404 3828 539 3912 opponit.
587 3823 627 3889 Ut
649 3846 740 3912 supra
762 3824 901 3901 vidimus,
927 3826 1068 3912 cognovit
1090 3826 1116 3888 is
1141 3821 1288 3886 collectio·

45 3959 54 3970 '
166 3971 233 4013 nem
248 3947 457 4029 Jasharanam,
483 3972 571 4037 quarn
586 3948 731 4015 verbatim
755 3951 855 4014 citavit
875 3944 924 4030 (cl.
940 3949 1032 4014 Mich.
1047 3949 1074 4026 Ι,
1095 3946 1145 4014 10.
1170 3947 1190 4011 2
1207 3945 1288 4012 Sam.

165 4074 193 4152 Ι,
211 4069 277 4156 20).
322 4071 474 4162 Cognovit
496 4074 619 4140 Bileami
642 4078 813 4140 vaticinium
840 4087 871 4138 et
893 4073 988 4138 Masis
1012 4077 1157 4138 canticum
1184 4074 1289 4136 trium·

165 4197 268 4286 phale,
300 4221 428 4286 quorum
457 4213 618 4288 utrumque
647 4201 740 4288 quuet
768 4221 805 4264 ex
834 4199 890 4264 bac
919 4199 1089 4288 collectione
1117 4207 1287 4285 excerptum

167 4346 230 4389 esse
258 4320 367 4407 (Mich.
385 4323 441 4402 VI,
464 4323 494 4390 5.
525 4325 593 4404 Vll,
620 4320 689 4408 18).
737 4319 889 4412 Cognovit
917 4323 1024 4390 librum
1054 4323 1288 4400 Deuteronomii‚

167 4469 255 4537 quem
279 4452 320 4518 ita
344 4453 428 4528 citat,
452 4453 562 4538 utqui
585 4451 680 4528 hunc,
703 4471 800 4538 neque
822 4451 916 4516 ullum
937 4451 1030 4522 alium
1053 4449 1198 4527 ocdieen,
1222 4457 1298 4536 peri
