3160 5170
818 373 896 448 2³0

296 587 343 650 vel
365 575 484 691 ll]th
506 586 643 672 legentis,
669 586 751 671 quad
775 586 973 670 compositum
995 586 1035 647 sit
1056 603 1096 646 ex
1118 571 1183 653 W&
1206 594 1236 644 et
1257 575 1349 650 l't'iW
1371 582 1420 645 vel

297 707 385 815 ΠᾎΨ
404 667 558 794 jaculatio
573 709 761 796 subticeam,
786 731 803 772 a
826 707 922 772 radice
945 703 1031 809 ΠᾎΨ
1054 707 1120 770 coll.
1144 730 1175 770 n.
1193 729 1239 793 pr
1264 662 1419 810 'IWI'IW

296 849 332 900 ut
354 838 497 900 sententia
520 837 574 898 sit:
599 835 747 898 cdcotra
773 837 839 918 ey'acs
860 833 940 918 ipae's
959 787 1163 916 yadedata'oaa's
1185 826 1218 912 (i.
1235 855 1260 895 e.
1284 826 1420 920 fulgura)

298 960 342 1024 ad
364 982 414 1022 coe
436 961 554 1035 missus,
578 981 639 1024 uon
662 962 748 1045 potui
770 981 832 1022 non
855 978 1014 1045 agnoscere
1036 959 1190 1020 veritatem
1212 956 1304 1042 hujus
1327 960 1421 1020 inter-

297 1086 488 1171 pretationis,
517 1103 621 1168 quam,
651 1096 686 1146 ut
709 1082 852 1147 Gcsenius
882 1094 997 1158 monet,
1028 1083 1091 1144 sine
1118 1081 1179 1144 ulla
1201 1083 1367 1144 mutatione
1389 1082 1421 1144 in

297 1209 413 1295 vulgari
436 1211 583 1293 scriptura
598 1211 689 1284 inest,
714 1207 859 1294 siquidem
882 1214 937 1308 tt]
959 1227 1015 1291 pro
1039 1212 1106 1310 ΠΨ
1124 1227 1187 1270 esse
1202 1217 1305 1292 potest
1317 1207 1420 1289 jaatio

299 1335 360 1399 sive
374 1332 529 1416 sauciatio
553 1354 570 1396 a
592 1331 689 1396 radiae
712 1337 777 1435 iffi:
791 1333 877 1414 jecit.
911 1331 995 1396 Hanc
1017 1333 1162 1395 rationem
1184 1331 1242 1394 Ioei
1258 1333 1421 1396 sententiae

299 1456 631 1522 accommodatissimam
654 1479 717 1520 esse
740 1459 838 1544 quivis
864 1455 987 1532 viderit,
1018 1459 1070 1542 qui
1093 1459 1290 1521 reminiscitur
1311 1455 1420 1532 Deum,

299 1605 337 1648 ex
359 1582 542 1652 ludaeorum
574 1584 732 1658 sententia,
764 1579 882 1668 fulgura
909 1593 1051 1666 tanquam
1079 1583 1231 1646 ministros
1255 1581 1420 1644 voluntatis

299 1730 369 1772 suae
398 1705 537 1772 adbibere
568 1701 635 1788 (Ps.
652 1707 693 1783 L,
711 1705 741 1782 2,
760 1704 790 1770 3.
822 1703 897 1782 CIV,
914 1703 943 1770 4.
977 1703 1138 1781 CXLVIII,
1157 1701 1200 1787 8).
1246 1705 1349 1792 Itaque
1380 1708 1422 1770 ait

298 1811 388 1920 poeta
402 1833 474 1896 haee
489 1830 622 1918 fulgura,
648 1852 723 1917 quae
746 1842 832 1894 antea
847 1844 1006 1896 vocaverat
1017 1830 1159 1916 alodiam
1172 1830 1238 1896 Dei
1245 1828 1421 1916 salaman·

300 1966 359 2020 tem
380 1950 481 2037 (Dent.
496 1954 627 2032 XXXII,
643 1952 710 2036 44),
738 1954 898 2040 procedere
921 1978 982 2021 nou
1005 1955 1095 2020 modo
1118 1953 1421 2038 edcatraJclcocaa,

300 2081 353 2146 sed
375 2083 461 2144 etiam
486 2104 501 2143 c
524 2081 652 2144 satereia
673 2082 842 2144 sanctitatis
864 2084 926 2150 ie.
951 2103 990 2144 ex
1012 2080 1126 2146 infinita
1147 2080 1197 2144 illa
1219 2078 1420 2156 multitudine,

300 2227 390 2292 quae,
419 2217 455 2269 ut
482 2203 588 2268 ludaei
615 2202 776 2291 putabant,
807 2204 863 2269 Dei
892 2206 1034 2270 thronum
1064 2209 1280 2270 circumsistens
1311 2204 1422 2290 triplici

300 2331 506 2396 acclamatione
527 2333 710 2394 sanctitatem
726 2332 833 2394 summi
846 2333 975 2394 nmuinis
991 2329 1214 2417 pronuntiabat.
1249 2329 1293 2394 Ita
1307 2328 1421 2394 lesaias

300 2455 401 2520 divino
425 2454 527 2520 afflatu
550 2454 691 2540 abreptus
717 2449 892 2540 Seraphim,
916 2458 935 2518 i.
957 2477 981 2519 e.
1005 2459 1106 2542 igneas
1129 2454 1183 2518 has
1208 2467 1341 2531 naturas,
1366 2457 1422 2518 cir·

300 2603 367 2646 cum
381 2580 513 2646 Jehovae
535 2579 678 2644 thronmn
702 2581 834 2645 volantes
858 2580 1072 2667 contemplatus
1097 2593 1155 2658 est,
1179 2583 1232 2667 qui
1255 2580 1421 2645 alternatim

301 2705 359 2771 sibi
377 2703 590 2770 acclamabante
614 2704 777 2789 »Sanctae
804 2704 945 2789 Sanctae,
971 2704 1104 2772 Sanctus
1118 2705 1234 2770 lehara
1250 2706 1422 2770 coelestium

300 2834 505 2896 exercituum«
528 2825 597 2911 (vl,
614 2827 658 2912 3).
703 2829 783 2894 Bene
810 2833 902 2917 igitur
925 2829 1045 2916 subjicit
1066 2844 1149 2896 rates
1173 2844 1275 2896 noster
1299 2852 1422 2896 »omnes

300 2957 399 3020 sancti
420 2953 458 3017 ad
480 2975 599 3018 manum
622 2953 677 3018 tibi
700 2968 785 3032 sunt,
810 2967 840 3018 at
853 2955 999 3020 Israelitae
1022 2955 1061 3020 ad
1082 2956 1195 3022 radices
1211 2958 1321 3020 montis
1338 2954 1422 3020 Sinai

300 3077 554 3167 procubuerunt«,
579 3091 613 3143 ut
635 3083 687 3166 qui
708 3093 820 3144 tantam
837 3079 961 3146 Sanctae
984 3083 1145 3168 majestatis
1167 3082 1422 3168 propinquitatem

301 3202 534 3270 reformidarent
576 3202 654 3269 Sunt
678 3208 729 3292 qui
752 3201 863 3311 ῬΨᾋΡ
887 3207 935 3270 bie
957 3205 995 3270 ad
1017 3207 1162 3272 Israelitas
1185 3204 1328 3281 reserant,
1354 3227 1422 3270 uam

300 3329 480 3416 piilebovae
493 3329 620 3395 cultores
634 3333 750 3416 saepias
763 3334 804 3394 ita
816 3331 1002 3418 appellantur
1015 3327 1164 3413 (PsXVI,
1174 3330 1204 3396 3.
1216 3329 1359 3408 XXXIV,
1369 3327 1420 3396 IO.

301 3453 469 3532 DeutVII,
487 3451 517 3520 6.
545 3455 639 3520 Lavit.
656 3454 713 3531 XI,
730 3452 885 3538 43-45).
933 3455 994 3522 Sed
1017 3460 1069 3522 vix
1091 3456 1230 3522 credibile
1252 3467 1312 3533 cst,
1344 3455 1422 3520 idem

301 3579 479 3644 vocabulum
501 3578 605 3645 eodem
632 3580 698 3643 loeo
722 3593 782 3644 tam
805 3583 887 3644 varia
909 3581 1122 3669 significatione
1144 3593 1322 3667 usurpatum
1346 3602 1420 3658 esse,

301 3725 406 3792 nempe
434 3717 469 3768 ut
496 3704 652 3770 denotaret
676 3717 740 3768 tum
761 3705 905 3770 infinitam
927 3707 1006 3772 illam
1029 3707 1199 3772 coelestium
1220 3708 1421 3792 potentiarum

302 3829 519 3894 multitudinem
543 3850 617 3914 quae
641 3851 655 3894 e
679 3829 752 3894 coeli
775 3834 902 3896 sacrario
926 3831 1108 3920 prodeuntes
1132 3829 1261 3896 divinam
1283 3831 1422 3917 majesta-

301 3969 360 4022 tem
376 3967 406 4020 et
420 3952 637 4020 comitabantur
651 3967 681 4018 et
697 3953 898 4033 declarabant,
922 3969 985 4022 tum
1000 3957 1144 4022 Israelitas
1162 3959 1213 4043 qui
1228 3957 1422 4042 praetimore

303 4079 450 4168 supplicas
477 4103 508 4145 se
531 4079 569 4144 ad
592 4083 682 4146 imum
705 4093 835 4146 monum
857 4079 1042 4167 abjiciebant.
1088 4081 1139 4146 Ad
1161 4083 1422 4148 commutationem

261 4297 265 4306 Ι
301 4225 497 4293 personarum
519 4217 549 4270 et
570 4208 685 4272 numeri
709 4205 791 4293 quod
814 4209 931 4284 attinet,
956 4209 1084 4293 scriptor
1105 4219 1208 4272 noster
1229 4205 1349 4272 mirilico
1371 4205 1423 4272 de-

302 4330 427 4398 lectatur
447 4330 499 4398 tali
514 4333 683 4420 scriptionis
699 4334 912 4412 inconstantia3
934 4331 972 4398 ei.
989 4331 1077 4400 Deut-
1093 4331 1224 4410 XXXII,
1238 4329 1269 4396 7.
1297 4329 1337 4398 15
1354 4353 1421 4420 sqq.
