3152 5160
633 399 842 510 Q

177 611 252 692 nim,
278 612 329 696 qui
352 622 397 674 est
415 613 577 695 septimus«
594 605 625 692 (1
643 606 717 695 neg.
730 609 809 686 VIII,
828 607 871 692 2).
906 611 949 676 At
963 611 1103 699 quidnam
1119 611 1208 675 luerit
1225 613 1299 678 illud

178 737 296 820 septimi
315 737 423 797 mensis
440 733 570 798 festum?
591 734 675 799 Duae
690 747 774 798 crant
788 738 819 799 in
834 736 893 800 hoc
906 757 1005 800 mense
1020 736 1108 801 leriae
1128 771 1164 784 -
1182 757 1296 822 nempe,

178 860 245 923 dics
267 860 453 945 repletionis
474 856 637 953 (Πῆξᾏη
660 851 751 942 nil),
783 882 858 947 quae
888 860 999 926 decimo
1023 861 1070 925 die
1093 864 1201 925 mensis
1225 862 1299 926 cele-

176 983 322 1048 brabatur
352 980 464 1066 (Levit.
486 953 598 1061 XXIII,
622 979 700 1066 27),
737 997 766 1048 et
790 984 909 1072 festum
938 987 1205 1051 tabernaculam
1234 981 1299 1077 (lli

178 1103 340 1202 ntalem),
370 1109 493 1196 quoda
516 1113 621 1196 quinto
645 1109 758 1174 decimo
783 1109 829 1174 die
859 1089 1000 1198 iucipiens
1023 1133 1078 1197 per
1101 1123 1213 1197 septem
1236 1110 1298 1176 dies

179 1203 307 1299 durabat
330 1232 442 1316 (Lavit.
459 1233 571 1310 XXIII,
590 1232 632 1299 33
648 1229 743 1322 sqq.).
789 1235 866 1299 Illud
894 1239 986 1324 igitur
1009 1231 1082 1300 κατ’
1099 1229 1214 1319 ἐξοχὴν
1237 1248 1300 1300 erat

178 1363 295 1448 septimi
325 1363 433 1424 mensis
464 1359 586 1436 lestum,
618 1363 687 1447 quia
715 1360 831 1447 plenam
860 1363 946 1425 istius
975 1364 1083 1428 mensis
1114 1358 1299 1426 bebdomada

178 1485 342 1550 obtinebat.
387 1485 449 1550 Nec
478 1484 602 1550 dubium
629 1497 675 1550 est
697 1485 770 1573 quid
792 1483 868 1550 festo
891 1485 1147 1550 tabernaculorum
1172 1508 1298 1552 comme·

177 1624 352 1676 moraretur.
388 1609 463 1676 Nam
485 1615 516 1674 in
538 1610 615 1676 libro
631 1609 762 1674 Levitico
788 1613 830 1674 sic
851 1581 990 1676 scribitur
1006 1606 1129 1693 (XXIII,
1146 1609 1187 1676 41
1203 1608 1297 1699 sqq.):

179 1757 297 1800 »mense
325 1740 451 1824 septimo
481 1736 555 1800 festa
590 1734 773 1800 celebrabitis
802 1748 832 1800 et
858 1710 1030 1801 babitabitis
1058 1739 1090 1801 iu
1118 1733 1298 1802 umbraculis

178 1874 289 1948 septem
313 1861 433 1939 diebus,
458 1865 554 1926 omnis
578 1864 629 1948 qni
653 1861 688 1925 de
711 1882 817 1948 genere
840 1873 885 1926 est
898 1861 987 1926 Israel
1010 1860 1140 1926 mauebit
1154 1865 1185 1926 in
1200 1861 1299 1926 taber·

178 1987 299 2063 naculis,
325 1999 359 2051 ut
381 1986 495 2052 discant
516 1989 629 2072 posteri
648 1989 755 2062 vestri,
787 1986 872 2090 quod
892 1989 922 2051 in
945 1986 1141 2052 tabernaculis
1165 1986 1297 2052 habitare

178 2111 294 2176 fecerim
317 2112 394 2176 fflios
409 2113 513 2189 Israel,
538 2133 630 2200 quum
654 2112 806 2177 educerem
830 2133 881 2176 eos
899 2111 934 2176 de
949 2126 1028 2178 terra
1042 2113 1204 2202 Aegypti«
1234 2112 1299 2179 Sci·

179 2237 258 2313 licet,
289 2241 384 2324 prima
412 2241 501 2302 statio
531 2237 637 2325 longae
667 2240 754 2301 istius
777 2241 1037 2325 peregrinationis,
1068 2261 1142 2327 quac
1166 2243 1298 2303 interra

179 2361 327 2428 Goshenis
356 2365 497 2449 incipieus
526 2384 587 2426 nou
617 2366 742 2427 cessavit
771 2360 865 2427 donec
894 2366 925 2426 in
948 2377 1055 2428 terram
1077 2363 1297 2450 tranquillitatis

177 2507 231 2573 per
253 2509 332 2551 mare
355 2499 384 2551 et
406 2509 508 2551 arenas
524 2499 665 2575 vagantes
681 2490 869 2573 pervenirent
884 2488 1044 2563 Israelitae‚
1070 2487 1298 2574 nuncupabatur

178 2604 278 2703 nlzp
301 2615 321 2676 i.
338 2635 362 2676 e.
388 2633 478 2676 casae
499 2613 545 2676 vel
566 2612 766 2678 tabernac-atla
782 2607 892 2692 (Exod.
909 2611 977 2688 XII,
995 2608 1060 2694 37),
1085 2615 1154 2698 quia
1173 2611 1214 2677 ibi
1231 2634 1297 2676 coe·

177 2705 300 2824 perurit,
325 2737 484 2802 nomadum
508 2741 610 2814 instar,
634 2740 768 2802 tentoriis
787 2735 935 2814 habitare,
960 2740 1044 2824 qrrasi
1062 2741 1093 2800 in
1108 2749 1186 2801 terra
1203 2736 1297 2802 domi·

177 2862 234 2927 bus
257 2875 372 2950 negata.
408 2859 525 2928 Nullam
547 2866 639 2951 Igitur
660 2866 968 2927 commemoratIouem
989 2863 1102 2928 itineris
1126 2865 1173 2927 sui
1196 2863 1298 2928 melio-

175 3011 237 3053 rem
260 2987 369 3052 babere
391 3000 571 3075 potuerunt,
597 3010 685 3076 quam
708 2988 790 3054 istud
812 2987 933 3065 festum,
960 3010 1020 3076 qno
1038 3011 1092 3075 per
1107 3002 1218 3077 septem
1235 2989 1297 3052 dies

177 3112 360 3178 errabundae
384 3115 460 3178 vitae
483 3116 655 3178 memoriam
677 3112 926 3201 redintegrabant.
967 3111 1028 3177 Nec
1050 3136 1121 3198 vero
1146 3137 1213 3179 arca
1235 3114 1298 3180 loc·

177 3237 255 3302 deris
278 3250 357 3304 certa
379 3238 448 3304 sede
470 3243 625 3326 requievit,
650 3239 744 3303 donec
759 3238 884 3304 Solomo
909 3261 972 3302 eam
995 3261 1033 3302 ex
1048 3261 1113 3303 arce
1128 3239 1251 3305 Davidis
1266 3244 1297 3305 in
1401 3314 1404 3320 ¹

176 3363 317 3449 templum
339 3363 543 3428 transferebat.
579 3361 654 3428 Nam
676 3363 897 3428 tabernaculum
911 3363 985 3428 illud
1001 3385 1116 3428 sacrum
1131 3366 1177 3429 vel
1194 3361 1297 3469 Elim?

176 3491 218 3552 ita
246 3501 430 3575 compactum
460 3503 518 3566 est,
549 3501 584 3554 ut
606 3488 785 3554 circumferri
810 3500 928 3574 posset,
959 3500 989 3551 et
1011 3489 1166 3575 imaginem
1189 3489 1298 3554 indesi-

176 3616 273 3678 nentis
295 3617 540 3702 peregrinationis
562 3626 735 3702 praestaret.
770 3611 886 3699 Optime
910 3613 1002 3700 igitur
1024 3633 1086 3676 rem
1109 3633 1193 3678 suam
1217 3613 1298 3678 ordi-

176 3741 259 3803 navit
277 3736 410 3814 Solomo,
435 3743 487 3826 qui
510 3743 541 3803 in
563 3739 638 3804 festo
662 3737 921 3803 tabernaculorum
944 3736 1043 3802 aedem
1059 3737 1190 3804 Jchovae
1213 3742 1298 3803 inau-

176 3862 339 3949 guraudam
355 3868 509 3930 censuerit.
546 3863 645 3948 Quum
660 3875 757 3928 autem
773 3862 881 3928 festum
899 3863 1092 3930 dedicationis
1107 3864 1208 3951 templi
1225 3885 1298 3951 »per

176 3986 222 4050 bis
238 4000 359 4074 septem,
384 3988 442 4054 hoe
458 4002 511 4065 est,
538 3989 775 4076 quattuordecim
791 3988 873 4053 dics«
890 3987 1068 4054 celebratum
1084 4001 1161 4053 esset
1177 3985 1207 4071 (1
1221 3989 1296 4078 ch.

175 4113 254 4191 VIII,
272 4110 339 4196 65),
365 4127 395 4178 et
417 4114 554 4180 »tandem
579 4114 624 4179 die
648 4117 736 4179 tertio
761 4127 790 4178 et
811 4116 949 4180 vicesimo
970 4118 1079 4179 mensis
1104 4117 1221 4201 septimi
1239 4113 1297 4179 So-

175 4239 255 4304 Iomo
277 4239 424 4326 populum
445 4240 553 4304 laetum
574 4252 663 4328 atquc
679 4240 801 4305 hilarem
817 4238 978 4304 dimiserit«
995 4235 1029 4321 (2
1044 4237 1214 4315 ParalVII,
1231 4235 1295 4321 10),

175 4363 283 4430 festum
310 4364 385 4430 illud
413 4364 605 4430 dedicationis
635 4368 733 4454 coepit
762 4387 843 4429 nouo
868 4363 915 4430 die
937 4365 1045 4428 mensis
1069 4363 1201 4450 septimi,
1232 4367 1251 4428 i.
1270 4387 1295 4428 e.

175 4488 270 4575 pridie
299 4487 375 4554 festo
396 4491 585 4577 expiationis.
634 4489 738 4556 »Diem
768 4503 907 4556 octavum
929 4501 1002 4556 tune
1026 4500 1062 4554 ut
1084 4488 1160 4556 diem
1182 4487 1291 4556 lestum
