3166 5178
652 277 749 380 '11

169 524 301 610 plerique
315 532 491 596 autumnus,
515 515 605 584 fram
627 516 744 593 luisset,
768 537 829 580 uon
850 513 1026 615 scriberetur
1039 508 1189 598 Ἰώαβος
1205 509 1281 583 Ἀδ-

172 649 274 732 petuo
297 658 326 710 et
344 637 469 720 Ἰούδας
485 638 662 735 Ἰακώβου·
678 640 730 706 sed
746 635 893 723 Ἰάκωβος
918 637 937 704 δ
964 639 1021 704 τού
1039 631 1199 732 ᾌδφαίοο
1228 641 1284 704 καὶ

165 765 290 847 Ἰούδας
310 767 330 836 d
353 762 499 854 οἲδυύφδς
522 759 637 843 adseri,
663 769 754 844 sieut,
783 769 815 832 iu
837 765 939 832 eodem
965 765 1073 842 indice,
1094 755 1242 847 Ἰάκωβος
1264 762 1282 830 ὅ

171 896 229 962 τού
250 894 427 979 Ζεβεδαίου
449 897 503 959 καὶ
518 889 667 977 Ἰωάννης
690 886 871 976 ύᾶδολφδς
893 883 1002 956 αὐτοῦ.
1048 889 1154 968 Quidni
1185 890 1280 968 fuerit,

172 1036 206 1088 ut
227 1021 398 1109 plerumque
424 1019 533 1086 indicat
553 1018 604 1084 illa
625 1020 751 1104 genitivi,
769 1019 929 1104 appositio,
951 1015 1029 1088 fflius
1045 1015 1167 1094 daeobi,
1190 1037 1282 1104 nepos

171 1146 317 1233 Alplraei?
355 1143 412 1219 Qui
434 1143 613 1210 contendunt
635 1142 753 1208 fratrem
776 1145 893 1230 quoque
915 1141 1035 1230 intelligi
1061 1145 1200 1230 possein
1227 1142 1284 1209 lusa
1311 1117 1312 1123 ἵ

172 1275 292 1360 genitivi
319 1273 516 1357 appositione,
539 1269 571 1333 id
600 1268 732 1357 equidem
759 1289 821 1332 uon
848 1269 1027 1353 negaretur,
1057 1271 1083 1332 si
1109 1268 1165 1334 loei
1192 1271 1284 1354 ipsius

160 1407 329 1462 eontextus
350 1418 414 1460 rem
435 1399 476 1458 ita
502 1416 565 1460 esse
587 1393 769 1480 significaret.
806 1391 962 1482 Ceteroqui
983 1385 1146 1458 idiotismus
1168 1393 1284 1481 liuguae

174 1522 300 1588 Graecae
321 1521 467 1607 postulat,
491 1532 527 1584 ut
546 1517 715 1603 πατρόθεν
737 1519 876 1604 appellari
903 1530 1038 1606 putemus
1062 1540 1143 1595 eum,
1168 1521 1218 1608 qui
1238 1522 1285 1586 ita

173 1647 351 1733 designatur.
401 1643 504 1733 Neque
532 1643 690 1734 quidquam
721 1647 869 1720 interest:
883 1642 964 1732 quod
987 1635 1111 1720 Ἰούδας
1133 1639 1285 1724 Ἰααούβου

173 1795 234 1836 nou
255 1762 274 1836 ὅ
298 1769 355 1834 τού
370 1763 524 1852 Ἰακώβου
545 1769 715 1856 appellatur.
746 1765 844 1835 »Nihil
865 1771 976 1845 enim«,
999 1780 1035 1834 ut
1047 1771 1194 1834 verissime
1208 1767 1284 1836 Her·

174 1917 298 1962 mannus
319 1898 522 1984 pronunciavit
545 1891 596 1978 (de
609 1891 727 1981 Eupo
747 1893 982 1978 ecPteoeaemq
1000 1891 1284 1982 Opuse.1‚p.163)‚

174 2034 289 2087 »mum
317 2021 472 2097 norun,
496 2023 547 2108 qui
575 2043 641 2084 eum
669 2022 750 2084 initio
778 2019 824 2086 his
853 2041 970 2108 quoque
998 2023 1029 2084 in
1056 2019 1187 2086 fornurlis
1213 2043 1285 2108 pro·

174 2168 281 2214 nomen
304 2158 393 2222 esset,
417 2143 538 2232 perinde
557 2158 632 2222 erat,
656 2167 763 2210 nomen
783 2149 895 2232 ipsum,
919 2167 957 2210 au
978 2165 1140 2234 pronomen
1159 2168 1285 2233 ponere·

174 2285 232 2338 tur.
259 2267 473 2354 Ἀλέξανδρος
494 2267 661 2336 Φιλίππου
684 2283 728 2336 est
749 2268 929 2336 Aleaaodw
949 2269 1098 2358 Ptttppt,
1121 2294 1184 2338 ooo
1207 2273 1287 2338 οδω

177 2398 356 2484 mjospsaeo.
381 2390 596 2480 Ἀλέξανδρος
616 2392 634 2460 ὁ
651 2393 826 2472 Φιλίππου,
849 2417 940 2484 quum
962 2395 1075 2474 dieitur,
1099 2400 1193 2484 primo
1216 2402 1285 2464 sim-

177 2521 287 2609 pliciter
312 2524 479 2586 nominatur
500 2519 694 2603 Aleaooder,
719 2519 836 2596 deiude,
864 2532 899 2583 ut
925 2520 963 2585 ab
991 2521 1052 2586 aliis
1081 2519 1285 2609 distinguntur,

177 2647 310 2734 adjicitur
331 2646 384 2712 tte
397 2645 547 2732 Philippi,
569 2644 649 2734 quod
670 2667 742 2710 num
765 2657 809 2710 est
831 2644 909 2712 aliud
931 2667 1018 2734 quum
1040 2649 1065 2710 si
1086 2650 1209 2734 repetito
1230 2669 1286 2714 no·

175 2777 252 2838 mine
273 2771 432 2849 diceremur,
451 2766 681 2854 Ἀλέξανδρος,
700 2762 914 2856 Ἀλέξανδρος
941 2766 960 2837 ὁ
982 2770 1187 2838 Φυλίαπουῗυ
1224 2773 1286 2840 Pu·

176 2898 298 2964 tandum
318 2911 362 2962 est
375 2899 473 2984 igitur,
489 2900 605 2964 tametsi
626 2899 738 2983 priores
755 2909 824 2962 outo
835 2897 973 2983 Apostoli
987 2901 1070 2986 quasi
1088 2897 1150 2963 bini
1172 2897 1285 2978 fratres,

176 3027 316 3112 septimus
340 3035 436 3088 autem
458 3035 488 3086 et
504 3035 624 3088 octavus
640 3025 724 3110 quasi
744 3022 858 3110 gemelli
878 3023 1040 3109 prodeunt,
1062 3037 1160 3090 nmen
1181 3025 1288 3092 nihilo·¹

176 3153 272 3214 minus
299 3151 330 3212 in
352 3151 453 3236 quinto
475 3147 578 3245 bijugp
601 3159 713 3234 putrem
735 3147 878 3214 etlilium
900 3150 1055 3237 conjung13
1080 3149 1163 3238 quod
1190 3155 1287 3219 minus

178 3277 232 3340 erit
259 3276 378 3350 mirum,
408 3277 433 3338 si
459 3272 713 3338 xanimadvertimus
741 3276 772 3338 in
798 3273 900 3338 ultimo
928 3275 993 3340 loeo
1020 3274 1140 3342 eandem
1167 3277 1287 3363 copula·

177 3403 285 3466 tionem
299 3399 411 3477 valere;
432 3419 500 3464 nam
514 3397 606 3464 Judas
628 3399 676 3466 ille
695 3397 833 3464 Iseauou
848 3397 974 3465 Simonis
996 3399 1072 3466 filius
1094 3399 1150 3466 fuit
1165 3394 1222 3482 (du.
1234 3399 1286 3479 Vl,

179 3525 230 3590 71.
253 3521 322 3602 XII,
338 3522 369 3588 4.
393 3523 475 3600 xlii,
497 3523 532 3602 2,
555 3520 629 3606 26),
654 3535 684 3588 et
704 3523 786 3611 apud
806 3524 988 3590 Matthaeum
1009 3525 1199 3614 Marcumque
1221 3549 1287 3592 eum

177 3661 260 3737 putre
283 3672 338 3714 suo
360 3653 553 3736 componitur.
593 3648 680 3724 Quod
702 3649 841 3736 allegant,
866 3650 1016 3738 epistolam
1035 3650 1129 3718 dudae
1150 3654 1181 3716 in
1201 3653 1289 3718 titulo

177 3797 231 3840 suo
253 3774 376 3840 haberer
394 3769 530 3852 Ἰούδας,
547 3771 649 3860 Ἰηοού
663 3773 805 3859 Χριοουύ
820 3773 944 3852 δούλας,
960 3771 1104 3862 ἀδελφὰς
1126 3775 1162 3842 δὲ
1178 3769 1289 3842 Ἰακώ-
1369 3785 1370 3790 ’

175 3902 251 3982 βου,
275 3921 313 3964 ex
334 3913 506 3987 argumento
529 3914 630 3966 nostro
653 3904 723 3966 satis
750 3913 832 3988 patet
855 3913 1002 3966 auctorem
1028 3905 1112 3968 istius
1138 3903 1286 3989 epistolae,

177 4027 202 4089 si
227 4024 390 4111 Apostolus
419 4038 509 4102 esset,
538 4046 599 4092 non
626 4025 715 4092 luisse
742 4025 860 4092 fratrem
891 4026 943 4092 sed
969 4026 1060 4092 filium
1086 4025 1201 4105 Jaoolri3
1235 4026 1288 4094 sod
1347 4109 1348 4112 Ἴ

176 4147 283 4214 ludam
304 4153 393 4216 istum
414 4173 476 4216 non
490 4149 579 4216 finisse
593 4151 770 4238 Apostolum
791 4155 965 4218 lnt1inseeus
980 4151 1195 4217 demonstretur
1216 4155 1288 4239 ipsis

176 4274 325 4362 Epistulae
347 4275 445 4340 verbis
471 4272 517 4358 (v.
536 4272 610 4358 ille
635 4271 728 4360 ύμετς
756 4275 807 4352 δὲ,
829 4271 1004 4360 ἀγαπητοὶ,
1032 4272 1196 4362 μνήσθητε
1223 4280 1288 4342 τῶν

178 4395 328 4486 ῥημάτων
349 4399 413 4466 triv
435 4402 672 4488 προειρημένων
697 4393 763 4468 dard
785 4399 855 4468 reio
875 4390 1064 4466 α’ποουδλιυυ
1090 4401 1148 4467 τού
1171 4403 1288 4488 Κυρίου
