<?xml version="1.0" encoding="UTF-8"?>
<!DOCTYPE html PUBLIC "-//W3C//DTD XHTML 1.0 Transitional//EN"
    "http://www.w3.org/TR/xhtml1/DTD/xhtml1-transitional.dtd">
<html xmlns="http://www.w3.org/1999/xhtml" xml:lang="en" lang="en">
 <head>
  <title>
</title>
<meta http-equiv="Content-Type" content="text/html;charset=utf-8" />
  <meta name='ocr-system' content='tesseract 3.04.00' />
  <meta name='ocr-capabilities' content='ocr_page ocr_carea ocr_par ocr_line ocrx_word'/>
</head>
<body>
  <div class='ocr_page' id='page_1' title='image "./jasharfragmenta00donagoog_0265.png"; bbox 0 0 3160 5170; ppageno 0'>
   <div class='ocr_carea' id='block_1_1' title="bbox 823 417 898 490">
    <p class='ocr_par' dir='ltr' id='par_1_1' title="bbox 823 417 898 490">
     <span class='ocr_line' id='line_1_1' title="bbox 823 417 898 490; baseline -0.027 0"><span class='ocrx_word' id='word_1_1' title='bbox 823 417 898 490; x_wconf 82' lang='lat'>228</span> 
     </span>
    </p>
   </div>
   <div class='ocr_carea' id='block_1_2' title="bbox 294 624 1426 4345">
    <p class='ocr_par' dir='ltr' id='par_1_2' title="bbox 302 624 1426 1340">
     <span class='ocr_line' id='line_1_2' title="bbox 303 624 1426 720; baseline -0.009 -21"><span class='ocrx_word' id='word_1_2' title='bbox 303 655 374 699; x_wconf 91' lang='lat' dir='ltr'>num</span> <span class='ocrx_word' id='word_1_3' title='bbox 402 630 530 720; x_wconf 78' lang='lat' dir='ltr'><strong>plurale,</strong></span> <span class='ocrx_word' id='word_1_4' title='bbox 565 631 647 694; x_wconf 81' lang='lat' dir='ltr'>uiros</span> <span class='ocrx_word' id='word_1_5' title='bbox 669 629 844 716; x_wconf 80' lang='lat' dir='ltr'>principes,</span> <span class='ocrx_word' id='word_1_6' title='bbox 880 630 1001 715; x_wconf 83' lang='lat' dir='ltr'>proprie</span> <span class='ocrx_word' id='word_1_7' title='bbox 1021 626 1160 711; x_wconf 66' lang='lat' dir='ltr'>judiees,</span> <span class='ocrx_word' id='word_1_8' title='bbox 1191 624 1362 713; x_wconf 87' lang='lat' dir='ltr'>designare,</span> <span class='ocrx_word' id='word_1_9' title='bbox 1395 637 1426 704; x_wconf 80' lang='lat' dir='ltr'>et</span> 
     </span>
     <span class='ocr_line' id='line_1_3' title="bbox 303 749 1424 841; baseline -0.008 -18"><span class='ocrx_word' id='word_1_10' title='bbox 303 779 410 823; x_wconf 88' lang='lat' dir='ltr'>nomen</span> <span class='ocrx_word' id='word_1_11' title='bbox 433 752 522 828; x_wconf 66' lang='lat' dir='ltr'>aleta</span> <span class='ocrx_word' id='word_1_12' title='bbox 546 777 612 818; x_wconf 88' lang='lat' dir='ltr'>eum</span> <span class='ocrx_word' id='word_1_13' title='bbox 636 752 799 841; x_wconf 84' lang='lat' dir='ltr'>significare</span> <span class='ocrx_word' id='word_1_14' title='bbox 821 775 911 839; x_wconf 88' lang='lat' dir='ltr'>posse</span> <span class='ocrx_word' id='word_1_15' title='bbox 934 755 986 840; x_wconf 93' lang='lat' dir='ltr'>qui</span> <span class='ocrx_word' id='word_1_16' title='bbox 1003 754 1034 815; x_wconf 91' lang='lat' dir='ltr'>in</span> <span class='ocrx_word' id='word_1_17' title='bbox 1050 752 1194 838; x_wconf 89' lang='lat' dir='ltr'>aliquare</span> <span class='ocrx_word' id='word_1_18' title='bbox 1210 772 1315 838; x_wconf 83' lang='lat' dir='ltr'><strong>agmen</strong></span> <span class='ocrx_word' id='word_1_19' title='bbox 1331 749 1424 814; x_wconf 89' lang='lat' dir='ltr'>ducit.</span> 
     </span>
     <span class='ocr_line' id='line_1_4' title="bbox 302 877 1426 970; baseline -0.007 -24"><span class='ocrx_word' id='word_1_20' title='bbox 302 883 419 970; x_wconf 89' lang='lat' dir='ltr'>Itaque,</span> <span class='ocrx_word' id='word_1_21' title='bbox 443 879 583 945; x_wconf 87' lang='lat' dir='ltr'>hocloco</span> <span class='ocrx_word' id='word_1_22' title='bbox 606 901 668 942; x_wconf 90' lang='lat' dir='ltr'>non</span> <span class='ocrx_word' id='word_1_23' title='bbox 685 877 819 942; x_wconf 88' lang='lat' dir='ltr'>dubitavi</span> <span class='ocrx_word' id='word_1_24' title='bbox 835 878 1051 964; x_wconf 78' lang='lat' dir='ltr'>principatum</span> <span class='ocrx_word' id='word_1_25' title='bbox 1063 877 1200 962; x_wconf 70' lang='lat' dir='ltr'>poeticen</span> <span class='ocrx_word' id='word_1_26' title='bbox 1214 878 1317 961; x_wconf 89' lang='lat' dir='ltr'>potius</span> <span class='ocrx_word' id='word_1_27' title='bbox 1333 897 1426 963; x_wconf 90' lang='lat' dir='ltr'>quam</span> 
     </span>
     <span class='ocr_line' id='line_1_5' title="bbox 302 999 1426 1093; baseline -0.007 -22"><span class='ocrx_word' id='word_1_28' title='bbox 302 1007 493 1093; x_wconf 51' lang='lat' dir='ltr'>&amp;opulorum</span> <span class='ocrx_word' id='word_1_29' title='bbox 515 1003 674 1068; x_wconf 70' lang='lat' dir='ltr'>bunionem</span> <span class='ocrx_word' id='word_1_30' title='bbox 696 1004 815 1089; x_wconf 60' lang='lat' dir='ltr'>cupio,</span> <span class='ocrx_word' id='word_1_31' title='bbox 846 1002 973 1088; x_wconf 86' lang='lat' dir='ltr'>physico</span> <span class='ocrx_word' id='word_1_32' title='bbox 1002 1023 1107 1077; x_wconf 89' lang='lat' dir='ltr'>sensu,</span> <span class='ocrx_word' id='word_1_33' title='bbox 1139 1000 1309 1087; x_wconf 89' lang='lat' dir='ltr'>intelligere.</span> <span class='ocrx_word' id='word_1_34' title='bbox 1358 999 1426 1084; x_wconf 82' lang='lat' dir='ltr'>Qua</span> 
     </span>
     <span class='ocr_line' id='line_1_6' title="bbox 302 1124 1426 1215; baseline -0.005 -21"><span class='ocrx_word' id='word_1_35' title='bbox 302 1134 417 1195; x_wconf 90' lang='lat' dir='ltr'>ratione</span> <span class='ocrx_word' id='word_1_36' title='bbox 445 1128 551 1193; x_wconf 82' lang='lat' dir='ltr'>ludaei</span> <span class='ocrx_word' id='word_1_37' title='bbox 588 1131 735 1215; x_wconf 80' lang='lat' dir='ltr'><strong>principes</strong></span> <span class='ocrx_word' id='word_1_38' title='bbox 766 1130 899 1191; x_wconf 88' lang='lat' dir='ltr'>inimicos</span> <span class='ocrx_word' id='word_1_39' title='bbox 933 1126 1128 1202; x_wconf 80' lang='lat' dir='ltr'>trucidarent,</span> <span class='ocrx_word' id='word_1_40' title='bbox 1166 1124 1260 1190; x_wconf 91' lang='lat' dir='ltr'>discas</span> <span class='ocrx_word' id='word_1_41' title='bbox 1289 1124 1360 1192; x_wconf 88' lang='lat' dir='ltr'>licet</span> <span class='ocrx_word' id='word_1_42' title='bbox 1386 1146 1426 1188; x_wconf 85' lang='lat' dir='ltr'>ex</span> 
     </span>
     <span class='ocr_line' id='line_1_7' title="bbox 302 1245 1193 1340; baseline -0.007 -21"><span class='ocrx_word' id='word_1_43' title='bbox 302 1255 428 1319; x_wconf 84' lang='lat' dir='ltr'>historia</span> <span class='ocrx_word' id='word_1_44' title='bbox 450 1253 562 1340; x_wconf 89' lang='lat' dir='ltr'>Agagi,</span> <span class='ocrx_word' id='word_1_45' title='bbox 586 1256 664 1339; x_wconf 89' lang='lat' dir='ltr'>regis</span> <span class='ocrx_word' id='word_1_46' title='bbox 687 1252 941 1338; x_wconf 82' lang='lat' dir='ltr'>Amalequitarum</span> <span class='ocrx_word' id='word_1_47' title='bbox 965 1247 995 1332; x_wconf 76' lang='lat' dir='ltr'>(l</span> <span class='ocrx_word' id='word_1_48' title='bbox 1015 1249 1095 1315; x_wconf 89' lang='lat' dir='ltr'>Sam.</span> <span class='ocrx_word' id='word_1_49' title='bbox 1111 1245 1193 1333; x_wconf 88' lang='lat' dir='ltr'>XV).</span> 
     </span>
    </p>

    <p class='ocr_par' dir='ltr' id='par_1_3' title="bbox 294 1374 1426 4345">
     <span class='ocr_line' id='line_1_8' title="bbox 391 1374 1425 1466; baseline -0.004 -24"><span class='ocrx_word' id='word_1_50' title='bbox 391 1378 575 1466; x_wconf 87' lang='lat' dir='ltr'>Epimetrum</span> <span class='ocrx_word' id='word_1_51' title='bbox 604 1379 698 1441; x_wconf 90' lang='lat' dir='ltr'>nostri</span> <span class='ocrx_word' id='word_1_52' title='bbox 723 1380 827 1440; x_wconf 89' lang='lat' dir='ltr'>cantici</span> <span class='ocrx_word' id='word_1_53' title='bbox 850 1374 975 1440; x_wconf 90' lang='lat' dir='ltr'>eundem</span> <span class='ocrx_word' id='word_1_54' title='bbox 997 1388 1148 1439; x_wconf 85' lang='lat' dir='ltr'>auctorem</span> <span class='ocrx_word' id='word_1_55' title='bbox 1169 1374 1309 1439; x_wconf 88' lang='lat' dir='ltr'>habuisse</span> <span class='ocrx_word' id='word_1_56' title='bbox 1334 1387 1425 1462; x_wconf 90' lang='lat' dir='ltr'>atque</span> 
     </span>
     <span class='ocr_line' id='line_1_9' title="bbox 305 1500 1423 1589; baseline -0.004 -21"><span class='ocrx_word' id='word_1_57' title='bbox 305 1507 448 1568; x_wconf 89' lang='lat' dir='ltr'>canticum</span> <span class='ocrx_word' id='word_1_58' title='bbox 471 1505 569 1589; x_wconf 89' lang='lat' dir='ltr'>ipsum</span> <span class='ocrx_word' id='word_1_59' title='bbox 592 1505 663 1565; x_wconf 90' lang='lat' dir='ltr'>satis</span> <span class='ocrx_word' id='word_1_60' title='bbox 688 1501 796 1565; x_wconf 90' lang='lat' dir='ltr'>docent</span> <span class='ocrx_word' id='word_1_61' title='bbox 818 1500 975 1588; x_wconf 87' lang='lat' dir='ltr'>singularis</span> <span class='ocrx_word' id='word_1_62' title='bbox 999 1500 1143 1587; x_wconf 81' lang='lat' dir='ltr'><strong>quaedam</strong></span> <span class='ocrx_word' id='word_1_63' title='bbox 1158 1500 1228 1587; x_wconf 84' lang='lat' dir='ltr'>styli</span> <span class='ocrx_word' id='word_1_64' title='bbox 1243 1502 1423 1586; x_wconf 84' lang='lat' dir='ltr'>proprietas,</span> 
     </span>
     <span class='ocr_line' id='line_1_10' title="bbox 304 1623 1425 1712; baseline -0.005 -19"><span class='ocrx_word' id='word_1_65' title='bbox 304 1642 334 1693; x_wconf 92' lang='lat' dir='ltr'>et</span> <span class='ocrx_word' id='word_1_66' title='bbox 355 1632 482 1693; x_wconf 92' lang='lat' dir='ltr'>nominis</span> <span class='ocrx_word' id='word_1_67' title='bbox 498 1628 650 1692; x_wconf 82' lang='lat' dir='ltr'>leshurun</span> <span class='ocrx_word' id='word_1_68' title='bbox 669 1629 797 1690; x_wconf 86' lang='lat' dir='ltr'>iteratio.</span> <span class='ocrx_word' id='word_1_69' title='bbox 832 1626 896 1689; x_wconf 79' lang='lat' dir='ltr'>lam</span> <span class='ocrx_word' id='word_1_70' title='bbox 912 1638 997 1688; x_wconf 89' lang='lat' dir='ltr'>antea</span> <span class='ocrx_word' id='word_1_71' title='bbox 1013 1625 1176 1712; x_wconf 86' lang='lat' dir='ltr'>significavi</span> <span class='ocrx_word' id='word_1_72' title='bbox 1190 1623 1425 1688; x_wconf 86' lang='lat' dir='ltr'>Masorethicum</span> 
     </span>
     <span class='ocr_line' id='line_1_11' title="bbox 304 1749 1425 1838; baseline -0.004 -21"><span class='ocrx_word' id='word_1_73' title='bbox 304 1752 447 1817; x_wconf 86' lang='lat' dir='ltr'>editorem</span> <span class='ocrx_word' id='word_1_74' title='bbox 478 1751 513 1816; x_wconf 92' lang='lat' dir='ltr'>de</span> <span class='ocrx_word' id='word_1_75' title='bbox 540 1774 596 1816; x_wconf 92' lang='lat' dir='ltr'>suo</span> <span class='ocrx_word' id='word_1_76' title='bbox 620 1751 813 1838; x_wconf 87' lang='lat' dir='ltr'>interpolasse</span> <span class='ocrx_word' id='word_1_77' title='bbox 836 1749 1026 1814; x_wconf 88' lang='lat' dir='ltr'>intermedios</span> <span class='ocrx_word' id='word_1_78' title='bbox 1049 1771 1153 1813; x_wconf 81' lang='lat' dir='ltr'>versus</span> <span class='ocrx_word' id='word_1_79' title='bbox 1177 1772 1194 1812; x_wconf 89' lang='lat' dir='ltr'>a</span> <span class='ocrx_word' id='word_1_80' title='bbox 1217 1761 1303 1813; x_wconf 84' lang='lat' dir='ltr'>sexto</span> <span class='ocrx_word' id='word_1_81' title='bbox 1326 1771 1425 1836; x_wconf 90' lang='lat' dir='ltr'>usque</span> 
     </span>
     <span class='ocr_line' id='line_1_12' title="bbox 304 1873 1425 1962; baseline -0.003 -22"><span class='ocrx_word' id='word_1_82' title='bbox 304 1875 343 1940; x_wconf 92' lang='lat' dir='ltr'>ad</span> <span class='ocrx_word' id='word_1_83' title='bbox 364 1879 533 1940; x_wconf 88' lang='lat' dir='ltr'>vicesimum</span> <span class='ocrx_word' id='word_1_84' title='bbox 563 1879 708 1962; x_wconf 89' lang='lat' dir='ltr'>quintum.</span> <span class='ocrx_word' id='word_1_85' title='bbox 754 1874 830 1938; x_wconf 92' lang='lat' dir='ltr'>lllud</span> <span class='ocrx_word' id='word_1_86' title='bbox 860 1877 1053 1939; x_wconf 88' lang='lat' dir='ltr'>certissimum</span> <span class='ocrx_word' id='word_1_87' title='bbox 1082 1887 1142 1950; x_wconf 90' lang='lat' dir='ltr'>est,</span> <span class='ocrx_word' id='word_1_88' title='bbox 1173 1877 1198 1937; x_wconf 91' lang='lat' dir='ltr'>si</span> <span class='ocrx_word' id='word_1_89' title='bbox 1220 1873 1340 1938; x_wconf 77' lang='lat' dir='ltr'>fatearis</span> <span class='ocrx_word' id='word_1_90' title='bbox 1363 1887 1425 1938; x_wconf 89' lang='lat' dir='ltr'>tam</span> 
     </span>
     <span class='ocr_line' id='line_1_13' title="bbox 303 1999 1425 2087; baseline -0.001 -24"><span class='ocrx_word' id='word_1_91' title='bbox 303 2000 362 2064; x_wconf 93' lang='lat' dir='ltr'>hoc</span> <span class='ocrx_word' id='word_1_92' title='bbox 385 2004 526 2064; x_wconf 91' lang='lat' dir='ltr'>canticum</span> <span class='ocrx_word' id='word_1_93' title='bbox 552 2023 639 2087; x_wconf 90' lang='lat' dir='ltr'>quam</span> <span class='ocrx_word' id='word_1_94' title='bbox 656 2000 759 2064; x_wconf 88' lang='lat' dir='ltr'>Jacobi</span> <span class='ocrx_word' id='word_1_95' title='bbox 780 1999 1011 2063; x_wconf 90' lang='lat' dir='ltr'>benedictionem</span> <span class='ocrx_word' id='word_1_96' title='bbox 1028 2004 1059 2063; x_wconf 93' lang='lat' dir='ltr'>in</span> <span class='ocrx_word' id='word_1_97' title='bbox 1075 2000 1244 2064; x_wconf 81' lang='lat' dir='ltr'>collectione</span> <span class='ocrx_word' id='word_1_98' title='bbox 1259 1999 1425 2062; x_wconf 82' lang='lat' dir='ltr'>lasharana</span> 
     </span>
     <span class='ocr_line' id='line_1_14' title="bbox 303 2122 1424 2212; baseline 0 -24"><span class='ocrx_word' id='word_1_99' title='bbox 303 2124 445 2188; x_wconf 89' lang='lat' dir='ltr'>inclusam</span> <span class='ocrx_word' id='word_1_100' title='bbox 473 2124 574 2190; x_wconf 85' lang='lat' dir='ltr'>fuisse.</span> <span class='ocrx_word' id='word_1_101' title='bbox 621 2124 714 2190; x_wconf 91' lang='lat' dir='ltr'>Nemo</span> <span class='ocrx_word' id='word_1_102' title='bbox 746 2128 836 2200; x_wconf 92' lang='lat' dir='ltr'>euim,</span> <span class='ocrx_word' id='word_1_103' title='bbox 872 2146 965 2212; x_wconf 90' lang='lat' dir='ltr'>quum</span> <span class='ocrx_word' id='word_1_104' title='bbox 996 2127 1038 2188; x_wconf 89' lang='lat' dir='ltr'>ita</span> <span class='ocrx_word' id='word_1_105' title='bbox 1067 2124 1102 2188; x_wconf 92' lang='lat' dir='ltr'>de</span> <span class='ocrx_word' id='word_1_106' title='bbox 1130 2124 1254 2212; x_wconf 86' lang='lat' dir='ltr'>singulis</span> <span class='ocrx_word' id='word_1_107' title='bbox 1282 2122 1424 2188; x_wconf 85' lang='lat' dir='ltr'>tribubus</span> 
     </span>
     <span class='ocr_line' id='line_1_15' title="bbox 303 2248 1425 2337; baseline 0 -25"><span class='ocrx_word' id='word_1_108' title='bbox 303 2249 515 2335; x_wconf 87' lang='lat' dir='ltr'>praedicasset,</span> <span class='ocrx_word' id='word_1_109' title='bbox 552 2250 598 2314; x_wconf 84' lang='lat' dir='ltr'>vel</span> <span class='ocrx_word' id='word_1_110' title='bbox 634 2249 733 2314; x_wconf 91' lang='lat' dir='ltr'>eadem</span> <span class='ocrx_word' id='word_1_111' title='bbox 769 2271 910 2337; x_wconf 88' lang='lat' dir='ltr'>perversa</span> <span class='ocrx_word' id='word_1_112' title='bbox 944 2253 1106 2313; x_wconf 84' lang='lat' dir='ltr'>imitatione</span> <span class='ocrx_word' id='word_1_113' title='bbox 1141 2252 1341 2335; x_wconf 87' lang='lat' dir='ltr'>repetivisset‚</span> <span class='ocrx_word' id='word_1_114' title='bbox 1377 2248 1425 2312; x_wconf 86' lang='lat' dir='ltr'>vel</span> 
     </span>
     <span class='ocr_line' id='line_1_16' title="bbox 302 2372 1425 2461; baseline -0.002 -23"><span class='ocrx_word' id='word_1_115' title='bbox 302 2372 421 2439; x_wconf 90' lang='lat' dir='ltr'>Rubeni</span> <span class='ocrx_word' id='word_1_116' title='bbox 443 2376 588 2461; x_wconf 91' lang='lat' dir='ltr'>Levisque</span> <span class='ocrx_word' id='word_1_117' title='bbox 621 2375 893 2439; x_wconf 88' lang='lat' dir='ltr'>condemnationem</span> <span class='ocrx_word' id='word_1_118' title='bbox 922 2376 951 2438; x_wconf 91' lang='lat' dir='ltr'>in</span> <span class='ocrx_word' id='word_1_119' title='bbox 981 2373 1062 2438; x_wconf 91' lang='lat' dir='ltr'>bona</span> <span class='ocrx_word' id='word_1_120' title='bbox 1091 2395 1124 2437; x_wconf 90' lang='lat' dir='ltr'>ac</span> <span class='ocrx_word' id='word_1_121' title='bbox 1147 2372 1243 2437; x_wconf 83' lang='lat' dir='ltr'>lausto</span> <span class='ocrx_word' id='word_1_122' title='bbox 1265 2376 1425 2459; x_wconf 87' lang='lat' dir='ltr'>praeconia</span> 
     </span>
     <span class='ocr_line' id='line_1_17' title="bbox 304 2497 1426 2576; baseline -0.001 -12"><span class='ocrx_word' id='word_1_123' title='bbox 304 2512 520 2564; x_wconf 87' lang='lat' dir='ltr'>commutasset.</span> <span class='ocrx_word' id='word_1_124' title='bbox 555 2500 723 2576; x_wconf 89' lang='lat' dir='ltr'>Praeterea,</span> <span class='ocrx_word' id='word_1_125' title='bbox 748 2504 773 2564; x_wconf 91' lang='lat' dir='ltr'>si</span> <span class='ocrx_word' id='word_1_126' title='bbox 797 2498 994 2563; x_wconf 87' lang='lat' dir='ltr'>sacerdotium</span> <span class='ocrx_word' id='word_1_127' title='bbox 1009 2498 1172 2562; x_wconf 85' lang='lat' dir='ltr'>Leviticum</span> <span class='ocrx_word' id='word_1_128' title='bbox 1195 2497 1329 2562; x_wconf 90' lang='lat' dir='ltr'>nondum</span> <span class='ocrx_word' id='word_1_129' title='bbox 1346 2511 1426 2563; x_wconf 89' lang='lat' dir='ltr'>esset</span> 
     </span>
     <span class='ocr_line' id='line_1_18' title="bbox 304 2616 1424 2711; baseline -0.002 -23"><span class='ocrx_word' id='word_1_130' title='bbox 304 2628 497 2689; x_wconf 89' lang='lat' dir='ltr'>constitutum</span> <span class='ocrx_word' id='word_1_131' title='bbox 526 2637 666 2711; x_wconf 87' lang='lat' dir='ltr'>regnante</span> <span class='ocrx_word' id='word_1_132' title='bbox 690 2624 869 2700; x_wconf 88' lang='lat' dir='ltr'>Solomone,</span> <span class='ocrx_word' id='word_1_133' title='bbox 904 2623 1006 2687; x_wconf 91' lang='lat' dir='ltr'>eodem</span> <span class='ocrx_word' id='word_1_134' title='bbox 1035 2616 1104 2709; x_wconf 82' lang='lat' dir='ltr'>rege</span> <span class='ocrx_word' id='word_1_135' title='bbox 1130 2643 1216 2686; x_wconf 91' lang='lat' dir='ltr'>nemo</span> <span class='ocrx_word' id='word_1_136' title='bbox 1240 2624 1281 2686; x_wconf 88' lang='lat' dir='ltr'>ita</span> <span class='ocrx_word' id='word_1_137' title='bbox 1303 2622 1424 2686; x_wconf 89' lang='lat' dir='ltr'>locutus</span> 
     </span>
     <span class='ocr_line' id='line_1_19' title="bbox 303 2747 1426 2836; baseline -0.001 -24"><span class='ocrx_word' id='word_1_138' title='bbox 303 2763 380 2813; x_wconf 89' lang='lat' dir='ltr'>esset</span> <span class='ocrx_word' id='word_1_139' title='bbox 402 2749 438 2812; x_wconf 90' lang='lat' dir='ltr'>de</span> <span class='ocrx_word' id='word_1_140' title='bbox 460 2749 622 2836; x_wconf 85' lang='lat' dir='ltr'>privilegiis</span> <span class='ocrx_word' id='word_1_141' title='bbox 644 2749 824 2813; x_wconf 87' lang='lat' dir='ltr'>Aaroniticis</span> <span class='ocrx_word' id='word_1_142' title='bbox 848 2760 877 2811; x_wconf 90' lang='lat' dir='ltr'>et</span> <span class='ocrx_word' id='word_1_143' title='bbox 901 2747 936 2811; x_wconf 93' lang='lat' dir='ltr'>de</span> <span class='ocrx_word' id='word_1_144' title='bbox 958 2747 1022 2833; x_wconf 89' lang='lat' dir='ltr'>lege</span> <span class='ocrx_word' id='word_1_145' title='bbox 1046 2769 1134 2833; x_wconf 91' lang='lat' dir='ltr'>quam</span> <span class='ocrx_word' id='word_1_146' title='bbox 1159 2747 1275 2810; x_wconf 88' lang='lat' dir='ltr'>Levitae</span> <span class='ocrx_word' id='word_1_147' title='bbox 1299 2747 1426 2811; x_wconf 88' lang='lat' dir='ltr'>admini-</span> 
     </span>
     <span class='ocr_line' id='line_1_20' title="bbox 303 2872 1423 2959; baseline -0.002 -23"><span class='ocrx_word' id='word_1_148' title='bbox 303 2885 440 2937; x_wconf 88' lang='lat' dir='ltr'>strarent.</span> <span class='ocrx_word' id='word_1_149' title='bbox 486 2872 605 2959; x_wconf 89' lang='lat' dir='ltr'>Neque,</span> <span class='ocrx_word' id='word_1_150' title='bbox 637 2886 673 2938; x_wconf 92' lang='lat' dir='ltr'>ut</span> <span class='ocrx_word' id='word_1_151' title='bbox 698 2887 808 2938; x_wconf 88' lang='lat' dir='ltr'>taceam</span> <span class='ocrx_word' id='word_1_152' title='bbox 835 2873 889 2936; x_wconf 89' lang='lat' dir='ltr'>has</span> <span class='ocrx_word' id='word_1_153' title='bbox 918 2894 1017 2936; x_wconf 89' lang='lat' dir='ltr'>rerum</span> <span class='ocrx_word' id='word_1_154' title='bbox 1045 2875 1176 2958; x_wconf 89' lang='lat' dir='ltr'>ipsarum</span> <span class='ocrx_word' id='word_1_155' title='bbox 1199 2875 1423 2959; x_wconf 82' lang='lat' dir='ltr'>repugnantias,</span> 
     </span>
     <span class='ocr_line' id='line_1_21' title="bbox 303 2995 1426 3083; baseline 0 -23"><span class='ocrx_word' id='word_1_156' title='bbox 303 2997 375 3060; x_wconf 89' lang='lat' dir='ltr'>aliae</span> <span class='ocrx_word' id='word_1_157' title='bbox 397 2995 504 3060; x_wconf 86' lang='lat' dir='ltr'>desunt</span> <span class='ocrx_word' id='word_1_158' title='bbox 518 3001 659 3083; x_wconf 90' lang='lat' dir='ltr'>temporis</span> <span class='ocrx_word' id='word_1_159' title='bbox 675 3011 776 3072; x_wconf 90' lang='lat' dir='ltr'>notae,</span> <span class='ocrx_word' id='word_1_160' title='bbox 802 3019 862 3083; x_wconf 92' lang='lat' dir='ltr'>quo</span> <span class='ocrx_word' id='word_1_161' title='bbox 879 2998 951 3060; x_wconf 91' lang='lat' dir='ltr'>haec</span> <span class='ocrx_word' id='word_1_162' title='bbox 966 2996 1145 3060; x_wconf 88' lang='lat' dir='ltr'>intercalaris</span> <span class='ocrx_word' id='word_1_163' title='bbox 1163 2999 1315 3082; x_wconf 89' lang='lat' dir='ltr'>corruptio</span> <span class='ocrx_word' id='word_1_164' title='bbox 1332 2999 1426 3060; x_wconf 88' lang='lat' dir='ltr'>inter-</span> 
     </span>
     <span class='ocr_line' id='line_1_22' title="bbox 302 3120 1426 3208; baseline 0.001 -23"><span class='ocrx_word' id='word_1_165' title='bbox 302 3124 400 3208; x_wconf 88' lang='lat' dir='ltr'>posita</span> <span class='ocrx_word' id='word_1_166' title='bbox 423 3135 476 3185; x_wconf 89' lang='lat' dir='ltr'>est.</span> <span class='ocrx_word' id='word_1_167' title='bbox 523 3121 597 3186; x_wconf 90' lang='lat' dir='ltr'>Nam</span> <span class='ocrx_word' id='word_1_168' title='bbox 626 3126 657 3186; x_wconf 89' lang='lat' dir='ltr'>in</span> <span class='ocrx_word' id='word_1_169' title='bbox 679 3123 734 3185; x_wconf 90' lang='lat' dir='ltr'>hac</span> <span class='ocrx_word' id='word_1_170' title='bbox 758 3125 926 3185; x_wconf 88' lang='lat' dir='ltr'>recensione</span> <span class='ocrx_word' id='word_1_171' title='bbox 951 3121 1097 3186; x_wconf 89' lang='lat' dir='ltr'>Simeonis</span> <span class='ocrx_word' id='word_1_172' title='bbox 1120 3120 1216 3184; x_wconf 91' lang='lat' dir='ltr'>tribus</span> <span class='ocrx_word' id='word_1_173' title='bbox 1241 3125 1362 3184; x_wconf 89' lang='lat' dir='ltr'>evanuit</span> <span class='ocrx_word' id='word_1_174' title='bbox 1386 3143 1426 3186; x_wconf 80' lang='lat' dir='ltr'>ex</span> 
     </span>
     <span class='ocr_line' id='line_1_23' title="bbox 300 3244 1426 3334; baseline 0.002 -27"><span class='ocrx_word' id='word_1_175' title='bbox 300 3244 497 3310; x_wconf 87' lang='lat' dir='ltr'>lsraelitarum</span> <span class='ocrx_word' id='word_1_176' title='bbox 521 3248 665 3334; x_wconf 89' lang='lat' dir='ltr'>catalogo,</span> <span class='ocrx_word' id='word_1_177' title='bbox 690 3246 773 3333; x_wconf 94' lang='lat' dir='ltr'>quod</span> <span class='ocrx_word' id='word_1_178' title='bbox 797 3247 880 3311; x_wconf 92' lang='lat' dir='ltr'>aliter</span> <span class='ocrx_word' id='word_1_179' title='bbox 902 3247 1041 3333; x_wconf 84' lang='lat' dir='ltr'>explicari</span> <span class='ocrx_word' id='word_1_180' title='bbox 1066 3249 1182 3333; x_wconf 91' lang='lat' dir='ltr'>nequit,</span> <span class='ocrx_word' id='word_1_181' title='bbox 1208 3268 1296 3332; x_wconf 89' lang='lat' dir='ltr'>quam</span> <span class='ocrx_word' id='word_1_182' title='bbox 1320 3269 1358 3310; x_wconf 91' lang='lat' dir='ltr'>ex</span> <span class='ocrx_word' id='word_1_183' title='bbox 1374 3247 1426 3310; x_wconf 89' lang='lat' dir='ltr'>illa</span> 
     </span>
     <span class='ocr_line' id='line_1_24' title="bbox 301 3369 1425 3459; baseline 0.004 -27"><span class='ocrx_word' id='word_1_184' title='bbox 301 3369 441 3445; x_wconf 90' lang='lat' dir='ltr'>historia,</span> <span class='ocrx_word' id='word_1_185' title='bbox 468 3393 527 3457; x_wconf 90' lang='lat' dir='ltr'>qua</span> <span class='ocrx_word' id='word_1_186' title='bbox 551 3371 690 3435; x_wconf 80' lang='lat' dir='ltr'>docentur</span> <span class='ocrx_word' id='word_1_187' title='bbox 711 3370 898 3445; x_wconf 89' lang='lat' dir='ltr'>Simeonitas,</span> <span class='ocrx_word' id='word_1_188' title='bbox 923 3371 1026 3435; x_wconf 87' lang='lat' dir='ltr'>Hiskia</span> <span class='ocrx_word' id='word_1_189' title='bbox 1050 3371 1165 3434; x_wconf 87' lang='lat' dir='ltr'>demum</span> <span class='ocrx_word' id='word_1_190' title='bbox 1190 3383 1340 3459; x_wconf 84' lang='lat' dir='ltr'>regnante,</span> <span class='ocrx_word' id='word_1_191' title='bbox 1364 3384 1425 3436; x_wconf 86' lang='lat' dir='ltr'>ter-</span> 
     </span>
     <span class='ocr_line' id='line_1_25' title="bbox 300 3489 1424 3583; baseline 0.002 -25"><span class='ocrx_word' id='word_1_192' title='bbox 300 3497 396 3558; x_wconf 87' lang='lat' dir='ltr'>minos</span> <span class='ocrx_word' id='word_1_193' title='bbox 420 3495 616 3560; x_wconf 83' lang='lat' dir='ltr'>Israelitarum</span> <span class='ocrx_word' id='word_1_194' title='bbox 646 3489 813 3583; x_wconf 88' lang='lat' dir='ltr'>reliquisse,</span> <span class='ocrx_word' id='word_1_195' title='bbox 845 3510 933 3582; x_wconf 88' lang='lat' dir='ltr'>atque</span> <span class='ocrx_word' id='word_1_196' title='bbox 959 3496 997 3559; x_wconf 93' lang='lat' dir='ltr'>ad</span> <span class='ocrx_word' id='word_1_197' title='bbox 1021 3519 1086 3559; x_wconf 91' lang='lat' dir='ltr'>eum</span> <span class='ocrx_word' id='word_1_198' title='bbox 1111 3497 1186 3560; x_wconf 91' lang='lat' dir='ltr'>diem</span> <span class='ocrx_word' id='word_1_199' title='bbox 1209 3518 1269 3583; x_wconf 92' lang='lat' dir='ltr'>quo</span> <span class='ocrx_word' id='word_1_200' title='bbox 1293 3496 1424 3560; x_wconf 77' lang='lat' dir='ltr'>Parali-</span> 
     </span>
     <span class='ocr_line' id='line_1_26' title="bbox 294 3619 1424 3708; baseline 0.003 -27"><span class='ocrx_word' id='word_1_201' title='bbox 294 3640 433 3705; x_wconf 80' lang='lat' dir='ltr'>pomeuo</span> <span class='ocrx_word' id='word_1_202' title='bbox 463 3624 629 3706; x_wconf 88' lang='lat' dir='ltr'>conscripta</span> <span class='ocrx_word' id='word_1_203' title='bbox 662 3633 733 3683; x_wconf 91' lang='lat' dir='ltr'>suot</span> <span class='ocrx_word' id='word_1_204' title='bbox 762 3624 790 3682; x_wconf 92' lang='lat' dir='ltr'>io</span> <span class='ocrx_word' id='word_1_205' title='bbox 820 3634 958 3684; x_wconf 88' lang='lat' dir='ltr'>montana</span> <span class='ocrx_word' id='word_1_206' title='bbox 988 3619 1063 3686; x_wconf 90' lang='lat' dir='ltr'>Seiri</span> <span class='ocrx_word' id='word_1_207' title='bbox 1092 3625 1212 3708; x_wconf 89' lang='lat' dir='ltr'>regione</span> <span class='ocrx_word' id='word_1_208' title='bbox 1240 3619 1424 3684; x_wconf 88' lang='lat' dir='ltr'>habitavisse</span> 
     </span>
     <span class='ocr_line' id='line_1_27' title="bbox 301 3739 1424 3831; baseline 0.003 -25"><span class='ocrx_word' id='word_1_209' title='bbox 301 3739 330 3822; x_wconf 82' lang='lat' dir='ltr'>(l</span> <span class='ocrx_word' id='word_1_210' title='bbox 350 3743 477 3829; x_wconf 85' lang='lat' dir='ltr'>Paralip.</span> <span class='ocrx_word' id='word_1_211' title='bbox 494 3745 543 3819; x_wconf 91' lang='lat' dir='ltr'>lV,</span> <span class='ocrx_word' id='word_1_212' title='bbox 562 3741 717 3824; x_wconf 78' lang='lat'>39-43).</span> <span class='ocrx_word' id='word_1_213' title='bbox 752 3743 843 3831; x_wconf 86' lang='lat' dir='ltr'>Ergo,</span> <span class='ocrx_word' id='word_1_214' title='bbox 869 3745 1024 3808; x_wconf 89' lang='lat' dir='ltr'>verisimile</span> <span class='ocrx_word' id='word_1_215' title='bbox 1048 3759 1093 3808; x_wconf 88' lang='lat' dir='ltr'>est</span> <span class='ocrx_word' id='word_1_216' title='bbox 1115 3745 1173 3808; x_wconf 92' lang='lat' dir='ltr'>hoc</span> <span class='ocrx_word' id='word_1_217' title='bbox 1188 3745 1424 3809; x_wconf 88' lang='lat' dir='ltr'>additamentum</span> 
     </span>
     <span class='ocr_line' id='line_1_28' title="bbox 299 3867 1424 3957; baseline 0.003 -27"><span class='ocrx_word' id='word_1_218' title='bbox 299 3880 370 3951; x_wconf 91' lang='lat' dir='ltr'>post</span> <span class='ocrx_word' id='word_1_219' title='bbox 392 3867 512 3930; x_wconf 79' lang='lat' dir='ltr'>Hisltiae</span> <span class='ocrx_word' id='word_1_220' title='bbox 540 3889 663 3954; x_wconf 87' lang='lat' dir='ltr'>regnum</span> <span class='ocrx_word' id='word_1_221' title='bbox 693 3867 784 3933; x_wconf 87' lang='lat' dir='ltr'>luisse</span> <span class='ocrx_word' id='word_1_222' title='bbox 809 3874 1018 3957; x_wconf 85' lang='lat' dir='ltr'>excogitatum.</span> <span class='ocrx_word' id='word_1_223' title='bbox 1064 3869 1176 3933; x_wconf 89' lang='lat' dir='ltr'>Deinde</span> <span class='ocrx_word' id='word_1_224' title='bbox 1200 3893 1270 3933; x_wconf 84' lang='lat' dir='ltr'>vero</span> <span class='ocrx_word' id='word_1_225' title='bbox 1295 3873 1337 3943; x_wconf 91' lang='lat' dir='ltr'>is,</span> <span class='ocrx_word' id='word_1_226' title='bbox 1369 3873 1424 3955; x_wconf 90' lang='lat' dir='ltr'>qui</span> 
     </span>
     <span class='ocr_line' id='line_1_29' title="bbox 298 3989 1425 4080; baseline 0.002 -26"><span class='ocrx_word' id='word_1_227' title='bbox 298 3989 357 4054; x_wconf 89' lang='lat' dir='ltr'>hoc</span> <span class='ocrx_word' id='word_1_228' title='bbox 380 3995 552 4077; x_wconf 88' lang='lat' dir='ltr'>epimetrom</span> <span class='ocrx_word' id='word_1_229' title='bbox 576 4015 593 4056; x_wconf 88' lang='lat' dir='ltr'>a</span> <span class='ocrx_word' id='word_1_230' title='bbox 616 3993 730 4080; x_wconf 89' lang='lat' dir='ltr'>reliquo</span> <span class='ocrx_word' id='word_1_231' title='bbox 749 3998 873 4058; x_wconf 87' lang='lat' dir='ltr'>carmine</span> <span class='ocrx_word' id='word_1_232' title='bbox 890 3996 1035 4079; x_wconf 81' lang='lat' dir='ltr'>sejunxit,</span> <span class='ocrx_word' id='word_1_233' title='bbox 1061 3994 1184 4058; x_wconf 87' lang='lat' dir='ltr'>eundem</span> <span class='ocrx_word' id='word_1_234' title='bbox 1199 3994 1318 4058; x_wconf 88' lang='lat' dir='ltr'>titulum</span> <span class='ocrx_word' id='word_1_235' title='bbox 1335 4015 1425 4080; x_wconf 89' lang='lat' dir='ltr'>prae·</span> 
     </span>
     <span class='ocr_line' id='line_1_30' title="bbox 297 4113 1423 4205; baseline 0.004 -27"><span class='ocrx_word' id='word_1_236' title='bbox 297 4113 365 4178; x_wconf 86' lang='lat' dir='ltr'>lixit</span> <span class='ocrx_word' id='word_1_237' title='bbox 388 4137 474 4203; x_wconf 87' lang='lat' dir='ltr'>quem</span> <span class='ocrx_word' id='word_1_238' title='bbox 497 4119 528 4180; x_wconf 90' lang='lat' dir='ltr'>in</span> <span class='ocrx_word' id='word_1_239' title='bbox 551 4121 644 4203; x_wconf 88' lang='lat' dir='ltr'>eapite</span> <span class='ocrx_word' id='word_1_240' title='bbox 667 4118 775 4182; x_wconf 90' lang='lat' dir='ltr'>Psalmi</span> <span class='ocrx_word' id='word_1_241' title='bbox 790 4118 846 4182; x_wconf 83' lang='lat' dir='ltr'>XC</span> <span class='ocrx_word' id='word_1_242' title='bbox 870 4123 1013 4205; x_wconf 85' lang='lat' dir='ltr'>reperies:</span> <span class='ocrx_word' id='word_1_243' title='bbox 1037 4119 1146 4182; x_wconf 87' lang='lat' dir='ltr'>scilicet</span> <span class='ocrx_word' id='word_1_244' title='bbox 1168 4119 1239 4182; x_wconf 88' lang='lat' dir='ltr'>haec</span> <span class='ocrx_word' id='word_1_245' title='bbox 1262 4130 1307 4182; x_wconf 87' lang='lat' dir='ltr'>est</span> <span class='ocrx_word' id='word_1_246' title='bbox 1330 4119 1423 4183; x_wconf 69' lang='lat' dir='ltr'>tete-</span> 
     </span>
     <span class='ocr_line' id='line_1_31' title="bbox 299 4219 1423 4345; baseline 0.004 -43"><span class='ocrx_word' id='word_1_247' title='bbox 299 4237 406 4320; x_wconf 78' lang='lat' dir='ltr'>dictio,</span> <span class='ocrx_word' id='word_1_248' title='bbox 438 4241 502 4304; x_wconf 90' lang='lat' dir='ltr'>illae</span> <span class='ocrx_word' id='word_1_249' title='bbox 526 4263 597 4306; x_wconf 87' lang='lat' dir='ltr'>vero</span> <span class='ocrx_word' id='word_1_250' title='bbox 622 4265 733 4327; x_wconf 80' lang='lat' dir='ltr'>preces</span> <span class='ocrx_word' id='word_1_251' title='bbox 754 4243 853 4308; x_wconf 83' lang='lat' dir='ltr'>Masis</span> <span class='ocrx_word' id='word_1_252' title='bbox 881 4219 1039 4345; x_wconf 50' lang='lat' dir='ltr'>Dlflbkffil</span> <span class='ocrx_word' id='word_1_253' title='bbox 1064 4241 1149 4336; x_wconf 55' lang='lat' dir='ltr'>wlf.</span> <span class='ocrx_word' id='word_1_254' title='bbox 1196 4243 1238 4306; x_wconf 87' lang='lat' dir='ltr'>At</span> <span class='ocrx_word' id='word_1_255' title='bbox 1261 4265 1331 4307; x_wconf 88' lang='lat' dir='ltr'>vero</span> <span class='ocrx_word' id='word_1_256' title='bbox 1360 4246 1423 4306; x_wconf 91' lang='lat' dir='ltr'>sin·</span> 
     </span>
    </p>
   </div>
   <div class='ocr_carea' id='block_1_3' title="bbox 297 4337 1421 4452">
    <p class='ocr_par' dir='ltr' id='par_1_4' title="bbox 297 4337 1421 4452">
     <span class='ocr_line' id='line_1_32' title="bbox 297 4337 1421 4452; baseline 0.008 -28"><span class='ocrx_word' id='word_1_257' title='bbox 297 4363 409 4448; x_wconf 89' lang='lat' dir='ltr'>gularis</span> <span class='ocrx_word' id='word_1_258' title='bbox 438 4366 485 4428; x_wconf 91' lang='lat' dir='ltr'>ille</span> <span class='ocrx_word' id='word_1_259' title='bbox 514 4366 618 4430; x_wconf 86' lang='lat' dir='ltr'>titulus</span> <span class='ocrx_word' id='word_1_260' title='bbox 649 4367 787 4443; x_wconf 88' lang='lat' dir='ltr'>similem,</span> <span class='ocrx_word' id='word_1_261' title='bbox 817 4369 842 4431; x_wconf 92' lang='lat' dir='ltr'>si</span> <span class='ocrx_word' id='word_1_262' title='bbox 870 4390 932 4431; x_wconf 90' lang='lat' dir='ltr'>non</span> <span class='ocrx_word' id='word_1_263' title='bbox 961 4337 1101 4443; x_wconf 79' lang='lat' dir='ltr'>eundem,</span> <span class='ocrx_word' id='word_1_264' title='bbox 1136 4367 1277 4432; x_wconf 90' lang='lat' dir='ltr'>editorem</span> <span class='ocrx_word' id='word_1_265' title='bbox 1306 4367 1421 4452; x_wconf 86' lang='lat' dir='ltr'>prodit.</span> 
     </span>
    </p>
   </div>
   <div class='ocr_carea' id='block_1_4' title="bbox 298 4483 1421 4580">
    <p class='ocr_par' dir='ltr' id='par_1_5' title="bbox 298 4483 1421 4580">
     <span class='ocr_line' id='line_1_33' title="bbox 298 4483 1421 4580; baseline 0.009 -30"><span class='ocrx_word' id='word_1_266' title='bbox 298 4483 397 4570; x_wconf 78' lang='lat' dir='ltr'>Quum</span> <span class='ocrx_word' id='word_1_267' title='bbox 421 4491 512 4574; x_wconf 88' lang='lat' dir='ltr'>igitur</span> <span class='ocrx_word' id='word_1_268' title='bbox 535 4513 574 4556; x_wconf 83' lang='lat' dir='ltr'>ex</span> <span class='ocrx_word' id='word_1_269' title='bbox 595 4511 645 4558; x_wconf 80' lang='lat' dir='ltr'>vv.</span> <span class='ocrx_word' id='word_1_270' title='bbox 662 4489 701 4556; x_wconf 83' lang='lat'>13</span> <span class='ocrx_word' id='word_1_271' title='bbox 718 4513 784 4580; x_wconf 90' lang='lat' dir='ltr'>sqq.</span> <span class='ocrx_word' id='word_1_272' title='bbox 809 4492 906 4580; x_wconf 85' lang='lat' dir='ltr'>colligi</span> <span class='ocrx_word' id='word_1_273' title='bbox 929 4513 1018 4579; x_wconf 91' lang='lat' dir='ltr'>posse</span> <span class='ocrx_word' id='word_1_274' title='bbox 1042 4491 1178 4557; x_wconf 86' lang='lat' dir='ltr'>videatur</span> <span class='ocrx_word' id='word_1_275' title='bbox 1196 4491 1345 4557; x_wconf 89' lang='lat' dir='ltr'>Psalmum</span> <span class='ocrx_word' id='word_1_276' title='bbox 1361 4491 1421 4560; x_wconf 86' lang='lat' dir='ltr'>XC</span> 
     </span>
    </p>
   </div>
   <div class='ocr_carea' id='block_1_5' title="bbox 0 0 1584 5170">
    <p class='ocr_par' dir='ltr' id='par_1_6' title="bbox 0 0 1584 5170">
     <span class='ocr_line' id='line_1_34' title="bbox 0 0 1584 5170; baseline 0 1"><span class='ocrx_word' id='word_1_277' title='bbox 0 0 1584 5170; x_wconf 95' lang='lat' dir='ltr'> </span> 
     </span>
    </p>
   </div>
  </div>
 </body>
</html>
