<?xml version="1.0" encoding="UTF-8"?>
<!DOCTYPE html PUBLIC "-//W3C//DTD XHTML 1.0 Transitional//EN"
    "http://www.w3.org/TR/xhtml1/DTD/xhtml1-transitional.dtd">
<html xmlns="http://www.w3.org/1999/xhtml" xml:lang="en" lang="en">
 <head>
  <title>
</title>
<meta http-equiv="Content-Type" content="text/html;charset=utf-8" />
  <meta name='ocr-system' content='tesseract 3.04.00' />
  <meta name='ocr-capabilities' content='ocr_page ocr_carea ocr_par ocr_line ocrx_word'/>
</head>
<body>
  <div class='ocr_page' id='page_1' title='image "./jasharfragmenta00donagoog_0183.png"; bbox 0 0 3160 5170; ppageno 0'>
   <div class='ocr_carea' id='block_1_1' title="bbox 768 309 978 424">
    <p class='ocr_par' dir='ltr' id='par_1_1' title="bbox 768 309 978 424">
     <span class='ocr_line' id='line_1_1' title="bbox 768 309 978 424; baseline 0 -42"><span class='ocrx_word' id='word_1_1' title='bbox 768 309 978 424; x_wconf 55' lang='lat' dir='ltr'>...Q-</span> 
     </span>
    </p>
   </div>
   <div class='ocr_carea' id='block_1_2' title="bbox 315 508 1440 609">
    <p class='ocr_par' dir='ltr' id='par_1_2' title="bbox 315 508 1440 609">
     <span class='ocr_line' id='line_1_2' title="bbox 315 508 1440 609; baseline -0.007 -19"><span class='ocrx_word' id='word_1_2' title='bbox 315 523 400 590; x_wconf 87' lang='lat' dir='ltr'><strong>Talia</strong></span> <span class='ocrx_word' id='word_1_3' title='bbox 422 525 499 590; x_wconf 89' lang='lat' dir='ltr'><strong>enim</strong></span> <span class='ocrx_word' id='word_1_4' title='bbox 518 523 595 609; x_wconf 88' lang='lat' dir='ltr'><strong>jussi</strong></span> <span class='ocrx_word' id='word_1_5' title='bbox 619 533 671 586; x_wconf 90' lang='lat' dir='ltr'><strong>aut</strong></span> <span class='ocrx_word' id='word_1_6' title='bbox 694 533 800 608; x_wconf 91' lang='lat' dir='ltr'><strong>sponte</strong></span> <span class='ocrx_word' id='word_1_7' title='bbox 823 517 1028 608; x_wconf 86' lang='lat' dir='ltr'><strong>proferebant:</strong></span> <span class='ocrx_word' id='word_1_8' title='bbox 1058 514 1180 603; x_wconf 77' lang='grc' dir='ltr'><strong><em>ἔφαγον</em></strong></span> <span class='ocrx_word' id='word_1_9' title='bbox 1203 511 1313 594; x_wconf 78' lang='grc' dir='ltr'><strong><em>κακόν,</em></strong></span> <span class='ocrx_word' id='word_1_10' title='bbox 1342 508 1440 605; x_wconf 86' lang='grc' dir='ltr'><strong><em>εὗρον</em></strong></span> 
     </span>
    </p>
   </div>
   <div class='ocr_carea' id='block_1_3' title="bbox 281 635 836 734">
    <p class='ocr_par' dir='ltr' id='par_1_3' title="bbox 281 635 836 734">
     <span class='ocr_line' id='line_1_3' title="bbox 281 635 836 734; baseline -0.005 -21"><span class='ocrx_word' id='word_1_11' title='bbox 281 635 285 648; x_wconf 62' lang='grc'><strong>’</strong></span> <span class='ocrx_word' id='word_1_12' title='bbox 314 650 466 734; x_wconf 80' lang='grc' dir='ltr'><strong><em>ἄμεινονί</em></strong></span> <span class='ocrx_word' id='word_1_13' title='bbox 490 645 586 731; x_wconf 77' lang='lat' dir='ltr'><strong>(Dein.</strong></span> <span class='ocrx_word' id='word_1_14' title='bbox 605 646 676 712; x_wconf 85' lang='lat' dir='ltr'><strong>Cor.</strong></span> <span class='ocrx_word' id='word_1_15' title='bbox 692 669 722 733; x_wconf 93' lang='lat' dir='ltr'><strong>p.</strong></span> <span class='ocrx_word' id='word_1_16' title='bbox 741 641 836 727; x_wconf 82' lang='grc'><strong>313);</strong></span> 
     </span>
    </p>
   </div>
   <div class='ocr_carea' id='block_1_4' title="bbox 585 793 1171 1204">
    <p class='ocr_par' dir='ltr' id='par_1_4' title="bbox 585 793 1148 990">
     <span class='ocr_line' id='line_1_4' title="bbox 587 793 1148 882; baseline -0.007 -21"><span class='ocrx_word' id='word_1_17' title='bbox 587 795 751 882; x_wconf 74' lang='grc' dir='ltr'><strong>εὐδαίμων</strong></span> <span class='ocrx_word' id='word_1_18' title='bbox 773 801 833 878; x_wconf 77' lang='grc' dir='ltr'><strong><em>μὲν</em></strong></span> <span class='ocrx_word' id='word_1_19' title='bbox 855 795 892 870; x_wconf 87' lang='grc' dir='ltr'><strong>δς</strong></span> <span class='ocrx_word' id='word_1_20' title='bbox 915 793 948 858; x_wconf 77' lang='grc' dir='ltr'><strong>ἐκ</strong></span> <span class='ocrx_word' id='word_1_21' title='bbox 971 793 1148 879; x_wconf 83' lang='grc' dir='ltr'><strong><em>θαλάσσης</em></strong></span> 
     </span>
     <span class='ocr_line' id='line_1_5' title="bbox 585 898 1133 990; baseline -0.005 -22"><span class='ocrx_word' id='word_1_22' title='bbox 585 903 685 990; x_wconf 79' lang='grc' dir='ltr'><strong><em>ἔφαγε</em></strong></span> <span class='ocrx_word' id='word_1_23' title='bbox 707 903 802 986; x_wconf 78' lang='grc' dir='ltr'><strong><em>κῦμα,</em></strong></span> <span class='ocrx_word' id='word_1_24' title='bbox 826 901 941 984; x_wconf 77' lang='grc' dir='ltr'><strong><em>λιμένα</em></strong></span> <span class='ocrx_word' id='word_1_25' title='bbox 964 899 996 964; x_wconf 87' lang='grc' dir='ltr'><strong>δ’</strong></span> <span class='ocrx_word' id='word_1_26' title='bbox 1015 898 1133 981; x_wconf 79' lang='grc' dir='ltr'><strong><em>ἔκιχεν·</em></strong></span> 
     </span>
    </p>

    <p class='ocr_par' dir='ltr' id='par_1_5' title="bbox 586 1002 1171 1204">
     <span class='ocr_line' id='line_1_6' title="bbox 586 1002 1171 1094; baseline -0.003 -20"><span class='ocrx_word' id='word_1_27' title='bbox 586 1009 750 1094; x_wconf 72' lang='grc' dir='ltr'><strong>εὐδαίμων</strong></span> <span class='ocrx_word' id='word_1_28' title='bbox 775 1002 807 1072; x_wconf 83' lang='grc' dir='ltr'><strong>δ’</strong></span> <span class='ocrx_word' id='word_1_29' title='bbox 824 1008 861 1084; x_wconf 80' lang='grc' dir='ltr'><strong>ὃς</strong></span> <span class='ocrx_word' id='word_1_30' title='bbox 883 1007 1010 1092; x_wconf 80' lang='grc' dir='ltr'><strong><em>ὕπερθε</em></strong></span> <span class='ocrx_word' id='word_1_31' title='bbox 1032 1007 1171 1092; x_wconf 84' lang='grc' dir='ltr'><strong><em>μόχθων</em></strong></span> 
     </span>
     <span class='ocr_line' id='line_1_7' title="bbox 587 1111 1166 1204; baseline -0.003 -24"><span class='ocrx_word' id='word_1_32' title='bbox 587 1117 711 1199; x_wconf 76' lang='grc' dir='ltr'><strong><em>ἐγένετο</em></strong></span> <span class='ocrx_word' id='word_1_33' title='bbox 735 1114 851 1204; x_wconf 81' lang='lat' dir='ltr'><strong>(Eurip.</strong></span> <span class='ocrx_word' id='word_1_34' title='bbox 868 1117 975 1180; x_wconf 85' lang='lat' dir='ltr'>Bacch.</span> <span class='ocrx_word' id='word_1_35' title='bbox 995 1113 1059 1180; x_wconf 88' lang='lat'><strong>900</strong></span> <span class='ocrx_word' id='word_1_36' title='bbox 1076 1111 1166 1202; x_wconf 84' lang='lat' dir='ltr'><strong>sqq).</strong></span> 
     </span>
    </p>
   </div>
   <div class='ocr_carea' id='block_1_5' title="bbox 203 1262 1438 4488">
    <p class='ocr_par' dir='ltr' id='par_1_6' title="bbox 315 1262 1252 1359">
     <span class='ocr_line' id='line_1_8' title="bbox 315 1262 1252 1359; baseline -0.01 -20"><span class='ocrx_word' id='word_1_37' title='bbox 315 1275 364 1352; x_wconf 84' lang='lat' dir='ltr'><strong>Et,</strong></span> <span class='ocrx_word' id='word_1_38' title='bbox 391 1271 472 1359; x_wconf 94' lang='lat' dir='ltr'><strong>quod</strong></span> <span class='ocrx_word' id='word_1_39' title='bbox 495 1271 598 1336; x_wconf 91' lang='lat' dir='ltr'><strong>eodem</strong></span> <span class='ocrx_word' id='word_1_40' title='bbox 621 1271 749 1355; x_wconf 80' lang='lat' dir='ltr'>pertinet</span> <span class='ocrx_word' id='word_1_41' title='bbox 773 1264 882 1353; x_wconf 88' lang='lat' dir='ltr'><strong>(Soph.</strong></span> <span class='ocrx_word' id='word_1_42' title='bbox 901 1267 1088 1354; x_wconf 84' lang='lat' dir='ltr'><strong>Tympanist.</strong></span> <span class='ocrx_word' id='word_1_43' title='bbox 1105 1265 1140 1330; x_wconf 85' lang='lat' dir='ltr'><strong>fr.</strong></span> <span class='ocrx_word' id='word_1_44' title='bbox 1158 1262 1252 1347; x_wconf 81' lang='grc'>563);</span> 
     </span>
    </p>

    <p class='ocr_par' dir='ltr' id='par_1_7' title="bbox 379 1402 1295 1498">
     <span class='ocr_line' id='line_1_9' title="bbox 379 1402 1295 1498; baseline -0.005 -21"><span class='ocrx_word' id='word_1_45' title='bbox 379 1453 382 1458; x_wconf 41' lang='lat'>1</span> <span class='ocrx_word' id='word_1_46' title='bbox 464 1413 536 1497; x_wconf 77' lang='grc' dir='ltr'><strong><em>φεῦ,</em></strong></span> <span class='ocrx_word' id='word_1_47' title='bbox 560 1411 632 1498; x_wconf 78' lang='grc' dir='ltr'><strong><em>φεῦ,</em></strong></span> <span class='ocrx_word' id='word_1_48' title='bbox 654 1415 686 1474; x_wconf 86' lang='grc' dir='ltr'><strong>τί</strong></span> <span class='ocrx_word' id='word_1_49' title='bbox 706 1405 823 1474; x_wconf 77' lang='lat' dir='ltr'><strong>coritae</strong></span> <span class='ocrx_word' id='word_1_50' title='bbox 846 1410 956 1494; x_wconf 80' lang='grc' dir='ltr'><strong><em>χάρμα</em></strong></span> <span class='ocrx_word' id='word_1_51' title='bbox 978 1405 1086 1492; x_wconf 71' lang='grc' dir='ltr'><strong><em>μεῖζον</em></strong></span> <span class='ocrx_word' id='word_1_52' title='bbox 1108 1409 1151 1473; x_wconf 76' lang='grc' dir='ltr'><strong><em>ἄν</em></strong></span> <span class='ocrx_word' id='word_1_53' title='bbox 1174 1402 1295 1490; x_wconf 76' lang='grc' dir='ltr'><strong><em>λάβοις,</em></strong></span> 
     </span>
    </p>

    <p class='ocr_par' dir='ltr' id='par_1_8' title="bbox 463 1512 1201 1716">
     <span class='ocr_line' id='line_1_10' title="bbox 463 1512 1152 1607; baseline -0.007 -23"><span class='ocrx_word' id='word_1_54' title='bbox 463 1520 520 1586; x_wconf 83' lang='grc' dir='ltr'><strong>τοῦ</strong></span> <span class='ocrx_word' id='word_1_55' title='bbox 541 1523 598 1605; x_wconf 82' lang='grc' dir='ltr'><strong>γῆς</strong></span> <span class='ocrx_word' id='word_1_56' title='bbox 621 1517 851 1605; x_wconf 76' lang='grc' dir='ltr'><strong><em>ἐπιψαύσαντα</em></strong></span> <span class='ocrx_word' id='word_1_57' title='bbox 873 1514 956 1598; x_wconf 80' lang='grc' dir='ltr'><strong>κᾷθ’</strong></span> <span class='ocrx_word' id='word_1_58' title='bbox 972 1512 1036 1582; x_wconf 76' lang='grc' dir='ltr'><strong>ὑπὸ</strong></span> <span class='ocrx_word' id='word_1_59' title='bbox 1060 1518 1152 1607; x_wconf 74' lang='grc' dir='ltr'><strong><em>στέγῃ</em></strong></span> 
     </span>
     <span class='ocr_line' id='line_1_11' title="bbox 464 1621 1201 1716; baseline -0.008 -24"><span class='ocrx_word' id='word_1_60' title='bbox 464 1627 586 1714; x_wconf 79' lang='grc' dir='ltr'><strong><em>πυκνῆς</em></strong></span> <span class='ocrx_word' id='word_1_61' title='bbox 605 1622 745 1690; x_wconf 43' lang='grc' dir='ltr'><strong><em>,ἀκοῦσαι</em></strong></span> <span class='ocrx_word' id='word_1_62' title='bbox 768 1624 915 1711; x_wconf 78' lang='grc' dir='ltr'><em>ψεκάδος</em></span> <span class='ocrx_word' id='word_1_63' title='bbox 938 1621 1075 1716; x_wconf 75' lang='grc' dir='ltr'><strong><em>εδδούσχ</em></strong></span> <span class='ocrx_word' id='word_1_64' title='bbox 1099 1627 1201 1712; x_wconf 85' lang='grc' dir='ltr'><strong><em>φρενί,</em></strong></span> 
     </span>
    </p>

    <p class='ocr_par' dir='ltr' id='par_1_9' title="bbox 316 1764 1438 2088">
     <span class='ocr_line' id='line_1_12' title="bbox 316 1764 1438 1860; baseline -0.008 -21"><span class='ocrx_word' id='word_1_65' title='bbox 316 1795 403 1860; x_wconf 88' lang='lat' dir='ltr'><strong>quem</strong></span> <span class='ocrx_word' id='word_1_66' title='bbox 430 1771 529 1834; x_wconf 88' lang='lat' dir='ltr'><strong>locum</strong></span> <span class='ocrx_word' id='word_1_67' title='bbox 560 1772 651 1834; x_wconf 90' lang='lat' dir='ltr'><strong>citans</strong></span> <span class='ocrx_word' id='word_1_68' title='bbox 676 1767 780 1834; x_wconf 85' lang='lat' dir='ltr'><strong>Cicero</strong></span> <span class='ocrx_word' id='word_1_69' title='bbox 805 1767 856 1851; x_wconf 92' lang='lat' dir='ltr'><strong>(ad</strong></span> <span class='ocrx_word' id='word_1_70' title='bbox 877 1767 943 1833; x_wconf 79' lang='lat' dir='ltr'><strong>Ate.</strong></span> <span class='ocrx_word' id='word_1_71' title='bbox 958 1769 997 1845; x_wconf 92' lang='lat' dir='ltr'><strong>ll,</strong></span> <span class='ocrx_word' id='word_1_72' title='bbox 1015 1764 1048 1850; x_wconf 83' lang='lat'><strong>7)</strong></span> <span class='ocrx_word' id='word_1_73' title='bbox 1072 1767 1111 1830; x_wconf 89' lang='lat' dir='ltr'><strong>ad</strong></span> <span class='ocrx_word' id='word_1_74' title='bbox 1132 1768 1340 1832; x_wconf 88' lang='lat' dir='ltr'><strong>Lucretianum</strong></span> <span class='ocrx_word' id='word_1_75' title='bbox 1363 1765 1438 1833; x_wconf 90' lang='lat' dir='ltr'><strong>illud</strong></span> 
     </span>
     <span class='ocr_line' id='line_1_13' title="bbox 317 1891 1438 1983; baseline -0.005 -21"><span class='ocrx_word' id='word_1_76' title='bbox 317 1897 424 1962; x_wconf 79' lang='lat' dir='ltr'><strong>diserte</strong></span> <span class='ocrx_word' id='word_1_77' title='bbox 447 1907 573 1983; x_wconf 88' lang='lat' dir='ltr'><strong>spectat:</strong></span> <span class='ocrx_word' id='word_1_78' title='bbox 597 1897 737 1982; x_wconf 66' lang='lat' dir='ltr'><strong>»cupio«</strong></span> <span class='ocrx_word' id='word_1_79' title='bbox 762 1897 868 1981; x_wconf 84' lang='lat' dir='ltr'><strong>inquit,</strong></span> <span class='ocrx_word' id='word_1_80' title='bbox 894 1898 1038 1960; x_wconf 75' lang='lat' dir='ltr'><strong>»istorum</strong></span> <span class='ocrx_word' id='word_1_81' title='bbox 1062 1891 1217 1980; x_wconf 83' lang='lat' dir='ltr'><strong>naufragia</strong></span> <span class='ocrx_word' id='word_1_82' title='bbox 1240 1904 1375 1956; x_wconf 84' lang='lat' dir='ltr'><strong>exterra</strong></span> <span class='ocrx_word' id='word_1_83' title='bbox 1393 1894 1438 1956; x_wconf 89' lang='lat' dir='ltr'><strong>in·</strong></span> 
     </span>
     <span class='ocr_line' id='line_1_14' title="bbox 316 2025 424 2088; baseline 0.019 -2"><span class='ocrx_word' id='word_1_84' title='bbox 316 2025 424 2088; x_wconf 77' lang='lat' dir='ltr'><strong>tueri«</strong></span> 
     </span>
    </p>

    <p class='ocr_par' dir='ltr' id='par_1_10' title="bbox 203 2143 1438 4488">
     <span class='ocr_line' id='line_1_15' title="bbox 403 2143 1438 2231; baseline -0.004 -21"><span class='ocrx_word' id='word_1_85' title='bbox 403 2147 447 2210; x_wconf 92' lang='lat' dir='ltr'><strong>lta</strong></span> <span class='ocrx_word' id='word_1_86' title='bbox 469 2144 603 2210; x_wconf 89' lang='lat' dir='ltr'><strong>videmus</strong></span> <span class='ocrx_word' id='word_1_87' title='bbox 628 2143 755 2210; x_wconf 85' lang='lat' dir='ltr'><strong>Graecos</strong></span> <span class='ocrx_word' id='word_1_88' title='bbox 785 2165 906 2231; x_wconf 91' lang='lat' dir='ltr'><strong>quoque</strong></span> <span class='ocrx_word' id='word_1_89' title='bbox 937 2145 1060 2210; x_wconf 87' lang='lat' dir='ltr'><strong>salutern</strong></span> <span class='ocrx_word' id='word_1_90' title='bbox 1084 2167 1147 2231; x_wconf 80' lang='lat' dir='ltr'><strong>per</strong></span> <span class='ocrx_word' id='word_1_91' title='bbox 1169 2163 1276 2231; x_wconf 88' lang='lat' dir='ltr'><strong>aquam</strong></span> <span class='ocrx_word' id='word_1_92' title='bbox 1300 2163 1367 2208; x_wconf 88' lang='lat' dir='ltr'><strong>eum</strong></span> <span class='ocrx_word' id='word_1_93' title='bbox 1391 2165 1438 2206; x_wconf 87' lang='lat' dir='ltr'><strong>sa-</strong></span> 
     </span>
     <span class='ocr_line' id='line_1_16' title="bbox 314 2269 1437 2358; baseline -0.004 -22"><span class='ocrx_word' id='word_1_94' title='bbox 314 2271 376 2338; x_wconf 91' lang='lat' dir='ltr'><strong>lute</strong></span> <span class='ocrx_word' id='word_1_95' title='bbox 400 2295 438 2336; x_wconf 80' lang='grc' dir='ltr'><strong>αα</strong></span> <span class='ocrx_word' id='word_1_96' title='bbox 461 2293 537 2358; x_wconf 90' lang='lat' dir='ltr'><strong>aqua</strong></span> <span class='ocrx_word' id='word_1_97' title='bbox 553 2272 753 2357; x_wconf 81' lang='lat' dir='ltr'><strong>conjunxisse,</strong></span> <span class='ocrx_word' id='word_1_98' title='bbox 778 2269 955 2356; x_wconf 91' lang='lat' dir='ltr'><strong>eosdemque</strong></span> <span class='ocrx_word' id='word_1_99' title='bbox 977 2269 1106 2337; x_wconf 81' lang='lat' dir='ltr'><strong>exodum</strong></span> <span class='ocrx_word' id='word_1_100' title='bbox 1122 2291 1138 2333; x_wconf 92' lang='lat' dir='ltr'><strong>e</strong></span> <span class='ocrx_word' id='word_1_101' title='bbox 1152 2271 1273 2358; x_wconf 79' lang='lat' dir='ltr'>regione</span> <span class='ocrx_word' id='word_1_102' title='bbox 1287 2271 1437 2355; x_wconf 77' lang='lat' dir='ltr'><strong>nequitiae</strong></span> 
     </span>
     <span class='ocr_line' id='line_1_17' title="bbox 315 2392 1438 2483; baseline -0.007 -19"><span class='ocrx_word' id='word_1_103' title='bbox 315 2401 556 2483; x_wconf 82' lang='lat' dir='ltr'><strong>miseriarumque</strong></span> <span class='ocrx_word' id='word_1_104' title='bbox 579 2408 609 2460; x_wconf 92' lang='lat' dir='ltr'><strong>et</strong></span> <span class='ocrx_word' id='word_1_105' title='bbox 631 2394 789 2460; x_wconf 90' lang='lat' dir='ltr'><strong>adventum</strong></span> <span class='ocrx_word' id='word_1_106' title='bbox 812 2399 844 2460; x_wconf 91' lang='lat' dir='ltr'><strong>in</strong></span> <span class='ocrx_word' id='word_1_107' title='bbox 866 2408 974 2460; x_wconf 88' lang='lat' dir='ltr'><strong>terram</strong></span> <span class='ocrx_word' id='word_1_108' title='bbox 996 2395 1216 2482; x_wconf 78' lang='lat' dir='ltr'><strong>tranquillitatis</strong></span> <span class='ocrx_word' id='word_1_109' title='bbox 1240 2392 1279 2458; x_wconf 88' lang='lat' dir='ltr'><strong>ad</strong></span> <span class='ocrx_word' id='word_1_110' title='bbox 1298 2393 1438 2479; x_wconf 86' lang='lat' dir='ltr'><strong>purifica·</strong></span> 
     </span>
     <span class='ocr_line' id='line_1_18' title="bbox 315 2517 1436 2608; baseline -0.005 -20"><span class='ocrx_word' id='word_1_111' title='bbox 315 2527 425 2588; x_wconf 91' lang='lat' dir='ltr'><strong>tionem</strong></span> <span class='ocrx_word' id='word_1_112' title='bbox 448 2523 525 2586; x_wconf 89' lang='lat' dir='ltr'><strong>illam</strong></span> <span class='ocrx_word' id='word_1_113' title='bbox 549 2534 578 2585; x_wconf 89' lang='lat' dir='ltr'><strong>et</strong></span> <span class='ocrx_word' id='word_1_114' title='bbox 596 2524 791 2586; x_wconf 85' lang='lat' dir='ltr'><strong>initiationem</strong></span> <span class='ocrx_word' id='word_1_115' title='bbox 806 2521 983 2608; x_wconf 78' lang='lat' dir='ltr'><strong>relligiosum</strong></span> <span class='ocrx_word' id='word_1_116' title='bbox 998 2520 1156 2598; x_wconf 81' lang='lat' dir='ltr'><strong>rettulisse.</strong></span> <span class='ocrx_word' id='word_1_117' title='bbox 1186 2517 1275 2584; x_wconf 86' lang='lat' dir='ltr'><strong>Haud</strong></span> <span class='ocrx_word' id='word_1_118' title='bbox 1289 2521 1436 2584; x_wconf 90' lang='lat' dir='ltr'><strong>immerito</strong></span> 
     </span>
     <span class='ocr_line' id='line_1_19' title="bbox 314 2643 1436 2736; baseline -0.004 -24"><span class='ocrx_word' id='word_1_119' title='bbox 314 2651 406 2736; x_wconf 82' lang='lat' dir='ltr'><strong>igitur</strong></span> <span class='ocrx_word' id='word_1_120' title='bbox 432 2647 544 2712; x_wconf 89' lang='lat' dir='ltr'><strong>Paulus</strong></span> <span class='ocrx_word' id='word_1_121' title='bbox 575 2647 771 2712; x_wconf 88' lang='lat' dir='ltr'><strong>Israelitarum</strong></span> <span class='ocrx_word' id='word_1_122' title='bbox 807 2645 844 2710; x_wconf 86' lang='lat' dir='ltr'><strong>ab</strong></span> <span class='ocrx_word' id='word_1_123' title='bbox 871 2644 1013 2734; x_wconf 75' lang='lat' dir='ltr'><strong>Aegypto</strong></span> <span class='ocrx_word' id='word_1_124' title='bbox 1048 2645 1161 2732; x_wconf 81' lang='lat' dir='ltr'><strong>lugam,</strong></span> <span class='ocrx_word' id='word_1_125' title='bbox 1196 2643 1303 2708; x_wconf 90' lang='lat' dir='ltr'><strong>Petrus</strong></span> <span class='ocrx_word' id='word_1_126' title='bbox 1337 2656 1436 2708; x_wconf 91' lang='lat' dir='ltr'><strong>autern</strong></span> 
     </span>
     <span class='ocr_line' id='line_1_20' title="bbox 314 2768 1437 2860; baseline -0.001 -23"><span class='ocrx_word' id='word_1_127' title='bbox 314 2771 429 2838; x_wconf 85' lang='lat' dir='ltr'><strong>Noachi</strong></span> <span class='ocrx_word' id='word_1_128' title='bbox 453 2796 469 2836; x_wconf 90' lang='lat' dir='ltr'><strong>a</strong></span> <span class='ocrx_word' id='word_1_129' title='bbox 492 2772 605 2838; x_wconf 87' lang='lat' dir='ltr'><strong>diluvio</strong></span> <span class='ocrx_word' id='word_1_130' title='bbox 630 2775 898 2846; x_wconf 87' lang='lat' dir='ltr'><strong>conservationem,</strong></span> <span class='ocrx_word' id='word_1_131' title='bbox 929 2793 995 2836; x_wconf 91' lang='lat' dir='ltr'><strong>eum</strong></span> <span class='ocrx_word' id='word_1_132' title='bbox 1019 2771 1170 2836; x_wconf 85' lang='lat' dir='ltr'><strong>christiani</strong></span> <span class='ocrx_word' id='word_1_133' title='bbox 1191 2768 1331 2857; x_wconf 87' lang='lat' dir='ltr'><strong>baptismi</strong></span> <span class='ocrx_word' id='word_1_134' title='bbox 1353 2792 1437 2860; x_wconf 86' lang='lat' dir='ltr'><strong>rege·</strong></span> 
     </span>
     <span class='ocr_line' id='line_1_21' title="bbox 314 2895 1435 2985; baseline -0.002 -23"><span class='ocrx_word' id='word_1_135' title='bbox 314 2901 466 2963; x_wconf 90' lang='lat' dir='ltr'><strong>neratione</strong></span> <span class='ocrx_word' id='word_1_136' title='bbox 490 2897 709 2985; x_wconf 86' lang='lat' dir='ltr'><strong>comparabant.</strong></span> <span class='ocrx_word' id='word_1_137' title='bbox 744 2895 788 2960; x_wconf 81' lang='lat' dir='ltr'><strong>Ar</strong></span> <span class='ocrx_word' id='word_1_138' title='bbox 810 2899 958 2960; x_wconf 86' lang='lat' dir='ltr'><strong>enimvero</strong></span> <span class='ocrx_word' id='word_1_139' title='bbox 979 2908 1096 2959; x_wconf 86' lang='lat' dir='ltr'><strong>caverat</strong></span> <span class='ocrx_word' id='word_1_140' title='bbox 1109 2895 1226 2973; x_wconf 90' lang='lat' dir='ltr'><strong>Petrus,</strong></span> <span class='ocrx_word' id='word_1_141' title='bbox 1251 2917 1288 2960; x_wconf 87' lang='lat' dir='ltr'><strong>ne</strong></span> <span class='ocrx_word' id='word_1_142' title='bbox 1302 2906 1435 2960; x_wconf 90' lang='lat' dir='ltr'><strong>nostram</strong></span> 
     </span>
     <span class='ocr_line' id='line_1_22' title="bbox 316 3023 1435 3107; baseline -0.004 -20"><span class='ocrx_word' id='word_1_143' title='bbox 316 3024 439 3088; x_wconf 91' lang='lat' dir='ltr'><strong>salutem</strong></span> <span class='ocrx_word' id='word_1_144' title='bbox 469 3036 498 3087; x_wconf 90' lang='lat' dir='ltr'><strong>et</strong></span> <span class='ocrx_word' id='word_1_145' title='bbox 520 3035 653 3088; x_wconf 87' lang='lat' dir='ltr'><strong>aeternae</strong></span> <span class='ocrx_word' id='word_1_146' title='bbox 676 3024 754 3085; x_wconf 81' lang='lat' dir='ltr'><strong>vitae</strong></span> <span class='ocrx_word' id='word_1_147' title='bbox 776 3024 1006 3086; x_wconf 86' lang='lat' dir='ltr'><strong>reservationem</strong></span> <span class='ocrx_word' id='word_1_148' title='bbox 1030 3023 1115 3106; x_wconf 91' lang='lat' dir='ltr'><strong>quasi</strong></span> <span class='ocrx_word' id='word_1_149' title='bbox 1138 3041 1227 3107; x_wconf 91' lang='lat' dir='ltr'><strong>opere</strong></span> <span class='ocrx_word' id='word_1_150' title='bbox 1251 3033 1374 3107; x_wconf 91' lang='lat' dir='ltr'><strong>operato</strong></span> <span class='ocrx_word' id='word_1_151' title='bbox 1398 3043 1435 3083; x_wconf 88' lang='lat' dir='ltr'><strong>ex</strong></span> 
     </span>
     <span class='ocr_line' id='line_1_23' title="bbox 314 3143 1434 3236; baseline -0.004 -23"><span class='ocrx_word' id='word_1_152' title='bbox 314 3147 462 3236; x_wconf 92' lang='lat' dir='ltr'><strong>baptismo</strong></span> <span class='ocrx_word' id='word_1_153' title='bbox 485 3147 634 3236; x_wconf 88' lang='lat' dir='ltr'><strong>profluere</strong></span> <span class='ocrx_word' id='word_1_154' title='bbox 658 3149 902 3211; x_wconf 85' lang='lat' dir='ltr'><strong>existimaremus.</strong></span> <span class='ocrx_word' id='word_1_155' title='bbox 937 3143 1013 3210; x_wconf 89' lang='lat' dir='ltr'><strong>Nam</strong></span> <span class='ocrx_word' id='word_1_156' title='bbox 1037 3167 1128 3234; x_wconf 90' lang='lat' dir='ltr'><strong>quum</strong></span> <span class='ocrx_word' id='word_1_157' title='bbox 1148 3145 1272 3209; x_wconf 90' lang='lat' dir='ltr'><strong>salutem</strong></span> <span class='ocrx_word' id='word_1_158' title='bbox 1286 3144 1434 3232; x_wconf 88' lang='lat' dir='ltr'><strong>baptismo</strong></span> 
     </span>
     <span class='ocr_line' id='line_1_24' title="bbox 316 3264 1433 3356; baseline -0.004 -20"><span class='ocrx_word' id='word_1_159' title='bbox 316 3265 513 3351; x_wconf 86' lang='lat' dir='ltr'><strong>attribuisset,</strong></span> <span class='ocrx_word' id='word_1_160' title='bbox 550 3272 632 3337; x_wconf 87' lang='lat' dir='ltr'><strong>addit</strong></span> <span class='ocrx_word' id='word_1_161' title='bbox 664 3285 763 3336; x_wconf 90' lang='lat' dir='ltr'><strong>tamen</strong></span> <span class='ocrx_word' id='word_1_162' title='bbox 792 3267 831 3336; x_wconf 82' lang='lat' dir='ltr'><strong>oti</strong></span> <span class='ocrx_word' id='word_1_163' title='bbox 860 3265 978 3356; x_wconf 82' lang='grc' dir='ltr'><strong><em>σαρκὸς</em></strong></span> <span class='ocrx_word' id='word_1_164' title='bbox 1007 3266 1168 3344; x_wconf 75' lang='grc' dir='ltr'><strong><em>ἀπόθεσις</em></strong></span> <span class='ocrx_word' id='word_1_165' title='bbox 1195 3267 1313 3352; x_wconf 79' lang='grc' dir='ltr'><strong><em>ῥύπον,</em></strong></span> <span class='ocrx_word' id='word_1_166' title='bbox 1348 3264 1433 3334; x_wconf 73' lang='grc' dir='ltr'><strong><em>ἄλλα</em></strong></span> 
     </span>
     <span class='ocr_line' id='line_1_25' title="bbox 315 3393 1436 3484; baseline -0.004 -22"><span class='ocrx_word' id='word_1_167' title='bbox 315 3397 524 3484; x_wconf 82' lang='grc' dir='ltr'><strong><em>συνειδήσεως</em></strong></span> <span class='ocrx_word' id='word_1_168' title='bbox 546 3393 677 3482; x_wconf 77' lang='grc' dir='ltr'><strong><em>ἀγαθῆς</em></strong></span> <span class='ocrx_word' id='word_1_169' title='bbox 699 3395 886 3482; x_wconf 70' lang='grc' dir='ltr'><strong><em>ἐπερώτημα</em></strong></span> <span class='ocrx_word' id='word_1_170' title='bbox 901 3395 946 3470; x_wconf 73' lang='grc' dir='ltr'><strong><em>εἰς</em></strong></span> <span class='ocrx_word' id='word_1_171' title='bbox 961 3394 1053 3462; x_wconf 85' lang='grc' dir='ltr'><strong><em>θεόν.</em></strong></span> <span class='ocrx_word' id='word_1_172' title='bbox 1081 3395 1227 3482; x_wconf 87' lang='lat' dir='ltr'><strong>Aliusque</strong></span> <span class='ocrx_word' id='word_1_173' title='bbox 1243 3407 1348 3458; x_wconf 82' lang='lat' dir='ltr'><strong>auctor</strong></span> <span class='ocrx_word' id='word_1_174' title='bbox 1362 3417 1436 3482; x_wconf 92' lang='lat' dir='ltr'><strong>apo·</strong></span> 
     </span>
     <span class='ocr_line' id='line_1_26' title="bbox 315 3519 1436 3610; baseline -0.004 -22"><span class='ocrx_word' id='word_1_175' title='bbox 315 3525 437 3589; x_wconf 92' lang='lat' dir='ltr'><strong>stolicus</strong></span> <span class='ocrx_word' id='word_1_176' title='bbox 462 3525 669 3588; x_wconf 82' lang='lat' dir='ltr'><strong>conscientiam</strong></span> <span class='ocrx_word' id='word_1_177' title='bbox 692 3523 770 3586; x_wconf 89' lang='lat' dir='ltr'><strong>illam</strong></span> <span class='ocrx_word' id='word_1_178' title='bbox 793 3541 860 3586; x_wconf 86' lang='lat' dir='ltr'><strong>eum</strong></span> <span class='ocrx_word' id='word_1_179' title='bbox 879 3543 956 3610; x_wconf 90' lang='lat' dir='ltr'><strong>aqua</strong></span> <span class='ocrx_word' id='word_1_180' title='bbox 970 3521 1110 3607; x_wconf 89' lang='lat' dir='ltr'><strong>baptismi</strong></span> <span class='ocrx_word' id='word_1_181' title='bbox 1125 3519 1321 3607; x_wconf 90' lang='lat' dir='ltr'><strong>copulandam</strong></span> <span class='ocrx_word' id='word_1_182' title='bbox 1337 3532 1436 3584; x_wconf 89' lang='lat' dir='ltr'><strong>censet</strong></span> 
     </span>
     <span class='ocr_line' id='line_1_27' title="bbox 316 3640 1436 3734; baseline -0.004 -22"><span class='ocrx_word' id='word_1_183' title='bbox 316 3644 418 3730; x_wconf 84' lang='lat' dir='ltr'><strong>(Hebr.</strong></span> <span class='ocrx_word' id='word_1_184' title='bbox 434 3649 479 3726; x_wconf 86' lang='lat' dir='ltr'><strong>X,</strong></span> <span class='ocrx_word' id='word_1_185' title='bbox 497 3645 568 3731; x_wconf 82' lang='lat'>22):</span> <span class='ocrx_word' id='word_1_186' title='bbox 591 3641 865 3734; x_wconf 72' lang='grc' dir='ltr'><strong><em>προσερχώμεθα,</em></strong></span> <span class='ocrx_word' id='word_1_187' title='bbox 889 3649 994 3734; x_wconf 88' lang='lat' dir='ltr'><strong>inquit,</strong></span> <span class='ocrx_word' id='word_1_188' title='bbox 1018 3640 1098 3729; x_wconf 76' lang='lat' dir='ltr'><strong>pacni</strong></span> <span class='ocrx_word' id='word_1_189' title='bbox 1122 3641 1283 3732; x_wconf 75' lang='grc' dir='ltr'><strong>ἀληθινῆς</strong></span> <span class='ocrx_word' id='word_1_190' title='bbox 1300 3642 1436 3729; x_wconf 80' lang='grc' dir='ltr'><strong><em>καρδίας</em></strong></span> 
     </span>
     <span class='ocr_line' id='line_1_28' title="bbox 314 3759 1434 3860; baseline -0.004 -24"><span class='ocrx_word' id='word_1_191' title='bbox 314 3771 350 3838; x_wconf 76' lang='grc' dir='ltr'><strong><em>ἐν</em></strong></span> <span class='ocrx_word' id='word_1_192' title='bbox 365 3771 571 3858; x_wconf 79' lang='grc' dir='ltr'><strong><em>πληροφορίᾳ</em></strong></span> <span class='ocrx_word' id='word_1_193' title='bbox 587 3775 721 3849; x_wconf 76' lang='grc' dir='ltr'><strong><em>πίστεως</em></strong></span> <span class='ocrx_word' id='word_1_194' title='bbox 744 3771 1054 3860; x_wconf 80' lang='grc' dir='ltr'><strong><em>ῥεραντισμίνοι</em></strong></span> <span class='ocrx_word' id='word_1_195' title='bbox 1076 3765 1147 3846; x_wconf 78' lang='grc' dir='ltr'><strong>τοὶς</strong></span> <span class='ocrx_word' id='word_1_196' title='bbox 1169 3759 1337 3853; x_wconf 78' lang='grc' dir='ltr'><strong><em>καρδίας</em></strong></span> <span class='ocrx_word' id='word_1_197' title='bbox 1356 3762 1434 3832; x_wconf 75' lang='grc' dir='ltr'><strong><em>α’πδ</em></strong></span> 
     </span>
     <span class='ocr_line' id='line_1_29' title="bbox 315 3891 1437 3984; baseline -0.004 -22"><span class='ocrx_word' id='word_1_198' title='bbox 315 3897 580 3983; x_wconf 80' lang='grc' dir='ltr'><strong><em>συνειδήσεως</em></strong></span> <span class='ocrx_word' id='word_1_199' title='bbox 602 3902 785 3984; x_wconf 82' lang='grc' dir='ltr'><strong><em>πονηρᾶς</em></strong></span> <span class='ocrx_word' id='word_1_200' title='bbox 807 3899 861 3961; x_wconf 81' lang='grc' dir='ltr'><strong>καὶ</strong></span> <span class='ocrx_word' id='word_1_201' title='bbox 884 3895 1072 3980; x_wconf 81' lang='grc' dir='ltr'><strong><em>λελουμένοι</em></strong></span> <span class='ocrx_word' id='word_1_202' title='bbox 1094 3891 1131 3960; x_wconf 81' lang='grc' dir='ltr'><strong><em>νδ</em></strong></span> <span class='ocrx_word' id='word_1_203' title='bbox 1156 3898 1249 3978; x_wconf 77' lang='grc' dir='ltr'><strong><em>σῶμα</em></strong></span> <span class='ocrx_word' id='word_1_204' title='bbox 1266 3892 1361 3960; x_wconf 81' lang='grc' dir='ltr'><strong><em>ὕδατι</em></strong></span> <span class='ocrx_word' id='word_1_205' title='bbox 1375 3916 1437 3958; x_wconf 86' lang='grc' dir='ltr'><strong><em>κοι-</em></strong></span> 
     </span>
     <span class='ocr_line' id='line_1_30' title="bbox 313 4017 1434 4112; baseline -0.002 -26"><span class='ocrx_word' id='word_1_206' title='bbox 313 4026 421 4111; x_wconf 75' lang='grc' dir='ltr'><strong><em>θαρῷ.</em></strong></span> <span class='ocrx_word' id='word_1_207' title='bbox 457 4024 602 4090; x_wconf 86' lang='lat' dir='ltr'><strong>lsraelitas</strong></span> <span class='ocrx_word' id='word_1_208' title='bbox 627 4046 747 4112; x_wconf 92' lang='lat' dir='ltr'><strong>quoque</strong></span> <span class='ocrx_word' id='word_1_209' title='bbox 771 4022 892 4089; x_wconf 88' lang='lat' dir='ltr'><strong>eandem</strong></span> <span class='ocrx_word' id='word_1_210' title='bbox 915 4025 1080 4104; x_wconf 88' lang='lat' dir='ltr'><strong>cautionem</strong></span> <span class='ocrx_word' id='word_1_211' title='bbox 1104 4020 1243 4088; x_wconf 88' lang='lat' dir='ltr'><strong>adbibere</strong></span> <span class='ocrx_word' id='word_1_212' title='bbox 1266 4017 1434 4108; x_wconf 85' lang='lat' dir='ltr'><strong>oportebat.</strong></span> 
     </span>
     <span class='ocr_line' id='line_1_31' title="bbox 312 4145 1434 4238; baseline 0 -26"><span class='ocrx_word' id='word_1_213' title='bbox 312 4145 417 4236; x_wconf 86' lang='lat' dir='ltr'><strong>Neque</strong></span> <span class='ocrx_word' id='word_1_214' title='bbox 445 4152 520 4216; x_wconf 89' lang='lat' dir='ltr'><strong>enim</strong></span> <span class='ocrx_word' id='word_1_215' title='bbox 550 4163 673 4238; x_wconf 92' lang='lat' dir='ltr'><strong>propter</strong></span> <span class='ocrx_word' id='word_1_216' title='bbox 696 4173 750 4214; x_wconf 90' lang='lat' dir='ltr'><strong>sua</strong></span> <span class='ocrx_word' id='word_1_217' title='bbox 777 4152 912 4236; x_wconf 90' lang='lat' dir='ltr'><strong>ipsorum</strong></span> <span class='ocrx_word' id='word_1_218' title='bbox 940 4151 1044 4216; x_wconf 88' lang='lat' dir='ltr'><strong>merita</strong></span> <span class='ocrx_word' id='word_1_219' title='bbox 1074 4148 1156 4214; x_wconf 85' lang='lat' dir='ltr'><strong>electi</strong></span> <span class='ocrx_word' id='word_1_220' title='bbox 1185 4157 1256 4212; x_wconf 88' lang='lat' dir='ltr'><strong>sunt</strong></span> <span class='ocrx_word' id='word_1_221' title='bbox 1276 4145 1434 4223; x_wconf 84' lang='lat' dir='ltr'><strong>lsraelitae,</strong></span> 
     </span>
     <span class='ocr_line' id='line_1_32' title="bbox 203 4265 1435 4374; baseline -0.003 -34"><span class='ocrx_word' id='word_1_222' title='bbox 203 4267 205 4276; x_wconf 68' lang='grc'>’</span> <span class='ocrx_word' id='word_1_223' title='bbox 313 4285 343 4342; x_wconf 90' lang='lat' dir='ltr'><strong>et</strong></span> <span class='ocrx_word' id='word_1_224' title='bbox 371 4273 408 4339; x_wconf 91' lang='lat' dir='ltr'><strong>ab</strong></span> <span class='ocrx_word' id='word_1_225' title='bbox 431 4275 616 4364; x_wconf 79' lang='lat' dir='ltr'><strong>Aegyptiace</strong></span> <span class='ocrx_word' id='word_1_226' title='bbox 644 4278 786 4341; x_wconf 90' lang='lat' dir='ltr'><strong>servitute</strong></span> <span class='ocrx_word' id='word_1_227' title='bbox 813 4275 943 4342; x_wconf 88' lang='lat' dir='ltr'><strong>liberati:</strong></span> <span class='ocrx_word' id='word_1_228' title='bbox 977 4273 1031 4340; x_wconf 90' lang='lat' dir='ltr'><strong>sed</strong></span> <span class='ocrx_word' id='word_1_229' title='bbox 1058 4285 1093 4338; x_wconf 90' lang='lat' dir='ltr'><strong>ut</strong></span> <span class='ocrx_word' id='word_1_230' title='bbox 1119 4271 1307 4360; x_wconf 80' lang='lat' dir='ltr'><strong>probitatem</strong></span> <span class='ocrx_word' id='word_1_231' title='bbox 1335 4265 1435 4374; x_wconf 50' lang='lat' dir='ltr'><strong>(Q)</strong></span> 
     </span>
     <span class='ocr_line' id='line_1_33' title="bbox 312 4395 1437 4488; baseline -0.006 -22"><span class='ocrx_word' id='word_1_232' title='bbox 312 4411 511 4488; x_wconf 83' lang='lat' dir='ltr'><strong>praestarent,</strong></span> <span class='ocrx_word' id='word_1_233' title='bbox 535 4401 719 4470; x_wconf 83' lang='lat' dir='ltr'><strong>idololatriae</strong></span> <span class='ocrx_word' id='word_1_234' title='bbox 742 4401 1020 4469; x_wconf 83' lang='lat' dir='ltr'><strong>contaminationem</strong></span> <span class='ocrx_word' id='word_1_235' title='bbox 1036 4401 1173 4477; x_wconf 85' lang='lat' dir='ltr'><strong>vitarent,</strong></span> <span class='ocrx_word' id='word_1_236' title='bbox 1197 4409 1227 4464; x_wconf 90' lang='lat' dir='ltr'><strong>et</strong></span> <span class='ocrx_word' id='word_1_237' title='bbox 1241 4417 1341 4464; x_wconf 77' lang='lat' dir='ltr'><strong>veram</strong></span> <span class='ocrx_word' id='word_1_238' title='bbox 1357 4395 1437 4460; x_wconf 85' lang='lat' dir='ltr'><strong>relli-</strong></span> 
     </span>
    </p>
   </div>
   <div class='ocr_carea' id='block_1_6' title="bbox 0 0 1584 5170">
    <p class='ocr_par' dir='ltr' id='par_1_11' title="bbox 0 0 1584 5170">
     <span class='ocr_line' id='line_1_34' title="bbox 0 0 1584 5170; baseline 0 1"><span class='ocrx_word' id='word_1_239' title='bbox 0 0 1584 5170; x_wconf 95' lang='lat' dir='ltr'><strong> </strong></span> 
     </span>
    </p>
   </div>
  </div>
 </body>
</html>
