3152 5160
834 321 884 394 to

298 541 470 628 spitatorem
499 537 597 622 ipsum
625 553 687 598 non
716 532 779 596 aliis
805 527 944 616 peccandi
969 527 1228 596 sollicitationibus
1252 527 1421 594 obnoxium

298 663 403 739 fuisse,
429 683 517 748 quam
540 680 616 746 quae
639 681 654 723 e
678 679 763 722 came
786 656 914 720 humana
937 667 1046 741 sponte
1069 676 1124 720 sua
1138 653 1304 741 profluunt.
1337 653 1420 718 illam

298 793 330 853 in
352 787 468 854 deserto
491 787 684 850 tentationem
706 781 781 848 nihil
803 801 914 845 moror.
947 779 1049 846 Jesum
1072 782 1148 846 enim
1171 779 1228 844 hac
1250 781 1420 846 narratione

299 913 483 1000 depinxisse,
509 931 597 997 quam
619 906 795 996 periculosis
812 927 877 970 cum
894 903 1125 994 cogitationibus
1141 904 1313 981 luctaretur,
1337 917 1422 970 ante-

299 1061 387 1127 quam
410 1035 447 1102 ad
471 1034 596 1100 docendi
619 1054 727 1098 munus
751 1053 817 1096 cum
833 1031 953 1096 coelesti
967 1033 1101 1119 potentia
1117 1031 1309 1118 conjunctum
1323 1051 1422 1096 acces·

299 1168 399 1240 sisset,
430 1163 528 1248 quivis
556 1158 663 1224 viderit
678 1150 708 1238 ¹).
755 1157 871 1224 Auctor
898 1167 996 1222 autem
1023 1156 1174 1243 Epistolae
1203 1155 1242 1222 ad
1266 1154 1420 1222 Hebraeos

300 1285 362 1372 (tv,
380 1282 433 1368 15)
453 1284 561 1351 diserte
584 1283 725 1348 affirmat:
749 1277 863 1366 οὐγὰρ
881 1277 996 1365 ἔχομεν
1011 1275 1161 1366 ἀρχιερέα
1175 1274 1219 1366 μὴ
1237 1279 1421 1365 δυνάμενον

303 1413 516 1497 συμπαθῆσαι
537 1418 607 1484 ταῖς
634 1400 872 1482 άσθενεέαις
898 1403 998 1491 ἡμῶν,
1029 1406 1348 1492 πεπειρασμένον
1376 1403 1422 1470 δέ

300 1531 399 1602 κατά
423 1531 555 1600 πάντα
580 1527 663 1597 καθ’
680 1527 854 1616 ὁμοιότητα
876 1534 994 1614 χωρὶς
1016 1527 1223 1617 ἁμαρτίας.
1256 1529 1336 1596 Etsi
1352 1533 1421 1618 quis

281 1645 394 1752 roget,
411 1683 555 1750 quaenam
566 1663 626 1724 sint
640 1661 713 1722 istae
724 1657 921 1748 infirmantes
931 1659 993 1720 sive
1009 1650 1189 1732 ἀσθένειαι,
1204 1667 1323 1744 praesto
1336 1654 1422 1722 adest

300 1788 413 1854 Christi
429 1790 523 1873 ipsius
540 1784 659 1851 effatum
675 1779 795 1866 (Matth.
808 1781 921 1859 XXVI,
933 1775 1007 1864 40:
1029 1776 1066 1845 τδ
1081 1784 1141 1864 μέν
1162 1779 1318 1864 πνεῦμα
1339 1779 1422 1866 πρδ-

300 1916 420 1996 θυμον,
444 1907 462 1996 ἢ
487 1909 523 1973 δὲ
546 1904 645 1992 σάρξ
668 1903 862 1991 ἀσθενής,
886 1908 1028 1991 »spiritus
1051 1904 1172 1993 quidem
1188 1918 1347 1994 promptus
1364 1920 1419 1984 est,

301 2059 374 2102 coro
397 2048 495 2100 autem
517 2035 675 2124 infimae«
709 2032 753 2096 lta
776 2033 852 2096 enim
875 2031 993 2096 locutus
1016 2043 1062 2096 est
1075 2030 1162 2096 Jcsus
1185 2033 1216 2095 in
1234 2029 1422 2096 acerbissima

300 2163 470 2227 tentationis
494 2161 583 2236 hora,
609 2179 701 2246 quum
725 2160 823 2244 coepit
845 2159 1014 2222 contristari
1029 2169 1059 2222 ct
1073 2169 1202 2224 maestus
1218 2179 1296 2235 esse,
1320 2167 1349 2222 et
1362 2155 1421 2222 Pa·

300 2301 374 2352 trem
396 2283 582 2374 precabatur,
606 2286 633 2348 si
655 2283 718 2348 lieri
740 2295 858 2370 posset,
882 2294 918 2348 ut
941 2281 1018 2348 calix
1040 2282 1087 2348 ille
1111 2287 1215 2352 mortis
1235 2304 1308 2350 ase
1323 2295 1422 2348 trans-

300 2416 365 2476 iret.
410 2411 490 2477 Bene
513 2412 605 2497 igitur
627 2409 664 2473 D.
681 2408 793 2474 Paulus
817 2403 917 2492 (Rom.
930 2406 1012 2484 Vlll,
1030 2401 1080 2490 3)=
1109 2403 1145 2472 τδ
1168 2403 1229 2493 γάρ
1252 2399 1422 2472 άδάνατον

301 2538 359 2601 τοῦ
381 2530 494 2621 νόμου,
517 2533 553 2598 έν
576 2526 603 2622 ᾦ
625 2529 793 2619 ἠσθένει
814 2528 869 2598 διά
886 2531 940 2617 τῆς
963 2531 1118 2618 σαρκός,
1141 2526 1257 2608 δθεδς
1271 2527 1329 2599 τδν
1344 2529 1422 2598 ἑαυ-

299 2665 357 2728 τοῦ
387 2656 459 2725 olba
487 2662 622 2745 πέμψας
649 2657 685 2723 έν
707 2650 934 2742 ὁμοιώματι
957 2651 1103 2741 σαρκδς
1125 2654 1342 2744 ἁμαρτίας,
1367 2663 1422 2724 καὶ

300 2788 375 2871 περὶ
396 2782 554 2869 ἁμαρτίας
575 2784 740 2867 κατέκρινε
762 2777 832 2868 τὴν
854 2779 1055 2868 ἁμαρτίαν
1077 2780 1119 2850 έν
1140 2783 1184 2873 τῇ
1206 2784 1330 2869 σαρκί.
1364 2783 1422 2852 At·

301 2933 358 2998 que
381 2910 457 2974 hane
480 2930 546 2974 eum
568 2919 690 2996 peceato
713 2907 903 2974 luctationem
925 2911 1004 2974 intra
1024 2905 1136 2974 Christi
1159 2911 1285 2974 animam
1306 2922 1421 2999 gestam

301 3057 364 3106 esse
394 3033 525 3099 ostendit
555 3032 631 3098 idem
660 3032 827 3120 Apostolus
859 3036 1003 3098 sententia
1033 3037 1105 3100 satis
1133 3034 1295 3113 luculenta,
1330 3057 1421 3123 quam

301 3182 402 3226 omnes
418 3158 516 3224 adhuc
529 3162 714 3246 interpretes,
738 3172 884 3248 quantum
898 3161 970 3236 scic,
994 3160 1068 3226 male
1083 3159 1300 3230 intellexerunt.
1330 3158 1422 3228 Nam·

301 3309 359 3374 que
381 3287 424 3352 ita
447 3287 566 3372 scripsit
582 3280 713 3366 (Coloss.
728 3285 768 3362 ll,
788 3280 857 3367 15):
882 3280 1143 3367 ἀπεκδυσάμενος
1165 3280 1224 3362 τάς
1246 3278 1349 3370 ἀρχάς
1366 3290 1422 3352 καὶ

302 3406 359 3486 τὰς
387 3408 536 3488 έξοοσέας
564 3407 782 3496 ἐδειγμάτισεν
808 3407 844 3476 ἒν
868 3411 1031 3496 παρρησέᾳ
1053 3409 1278 3495 θριαμβεύσας
1300 3403 1422 3488 αδτοδς

301 3533 336 3602 έν
357 3531 744 3624 αὕτῷ(υε1ένὲαυτῷ).
792 3533 825 3600 Si
853 3556 1057 3623 comparamus
1086 3538 1257 3624 proximum
1287 3536 1420 3624 eJ'ustlecn

301 3660 442 3749 epistolae
458 3660 619 3748 capitulum
636 3655 699 3744 (111,
717 3659 748 3738 9,
768 3656 837 3743 10):
861 3655 1189 3745 ἀπεκδυσάμενοι
1204 3655 1262 3726 τδν
1277 3656 1421 3728 παλαιδν

301 3783 484 3873 ἄνθρωπον
507 3778 566 3849 σδν
588 3793 659 3860 ταῖς
681 3781 839 3869 πράξεσιν
854 3781 969 3861 αὐτοῦ,
994 3789 1048 3849 καὶ
1071 3783 1340 3871 ένδυσάμενοι
1362 3780 1420 3852 τδν

299 3909 384 3987 νεόν,
408 3910 600 3976 conliteamur
622 3931 739 3978 necesse
763 3922 808 3975 est
829 3913 891 3976 vien
912 3912 1003 3978 verbo
1026 3912 1108 3978 οοάε
1129 3912 1251 3980 mediae
1267 3915 1420 4001 propriam

300 4060 451 4070 ——-
456 4061 512 4068 -----.

376 4129 395 4198 ¹)
419 4129 491 4184 Hanc
514 4101 551 4184 nei
575 4130 809 4202 interpretationem
828 4129 937 4204 amplexi
955 4138 1016 4188 sunt
1034 4133 1148 4190 acerrimi
1167 4130 1345 4190 Shauasianae
1361 4150 1419 4207 my·

300 4226 430 4300 thologiac
449 4236 638 4300 oppugnatores
651 4228 857 4285 Phileleutherut
870 4217 1217 4304 Anglieanue'ffinslicaticn
1232 4231 1263 4288 ol
1272 4232 1420 4288 Protettant

300 4325 441 4397 Principles
464 4343 489 4396 p.
509 4323 676 4397 tus-170)
704 4335 728 4384 et
752 4328 870 4404 ungarus
895 4328 989 4396 Quinet
1015 4328 1119 4398 (Revue
1148 4328 1193 4386 det
1218 4328 1286 4388 deux
1308 4328 1418 4386 blanden

301 4421 353 4479 vol.
364 4421 438 4482 xvt.
457 4441 482 4494 p.
495 4421 547 4480 61³
561 4425 636 4495 squ).
