3152 5160
771 369 995 500 Α.

319 629 383 672 osse
406 609 482 671 inter
504 605 627 669 verbum
651 607 709 695 *iti
731 615 760 666 ct
783 601 916 665 dativum
940 603 991 687 qui
1015 601 1158 687 sequitur,
1185 599 1311 686 denique
1333 621 1447 664 nomen

319 737 406 827 tlsstt
428 744 499 818 post
521 735 607 802 linit
631 724 673 810 (v.
691 721 747 809 22)
771 724 960 791 inserendum
983 747 1056 789 esse.
1094 724 1242 790 Ductibus
1264 727 1342 788 enim
1364 725 1446 788 litte-

385 812 398 836 ’
1005 850 1416 1048 umpmaw

1004 844 1437 1078 pffilmlml

318 1109 421 1194 ltaque
443 1107 574 1169 narratio
600 1101 736 1166 decurret
756 1103 873 1186 irrupto
895 1099 962 1163 filo:
985 1099 1045 1164 »Et
1058 1098 1134 1164 vidit
1149 1097 1279 1164 Chamus
1301 1097 1446 1185 pudenda

319 942 418 985 rarum
446 920 552 982 mirum
583 919 614 979 in
642 912 765 978 modurn
794 925 942 999 congrunt
976 849 1002 1050 {l

319 1235 412 1320 patris
436 1232 498 1306 sui,
524 1223 566 1308 [et
588 1227 740 1290 arcessivit
759 1219 960 1304 Canaanum,]
985 1236 1014 1288 ct
1037 1220 1220 1306 [Caucasus]
1244 1227 1383 1288 nuntium
1405 1223 1445 1288 de

319 1358 375 1420 hac
397 1377 429 1420 re
445 1353 545 1417 attulit
560 1349 678 1415 duobus
695 1348 837 1414 fratribus
856 1345 962 1436 [patris
978 1345 1037 1431 sui]
1054 1354 1106 1436 qui
1121 1350 1195 1415 foris
1212 1362 1325 1414 erant«
1352 1349 1446 1415 Prae·

319 1495 414 1557 terea,
440 1500 540 1567 quum
549 1475 679 1542 Chamus
703 1497 764 1538 nou
789 1485 866 1539 esset
887 1473 966 1537 filius
989 1477 1127 1538 minimus
1150 1486 1249 1557 natug
1263 1478 1447 1562 interpretor

320 1611 419 1713 ῑζῇῃ
442 1596 519 1708 DQ,
548 1623 659 1687 nepos,
683 1603 786 1686 potius
811 1621 900 1685 quam
915 1600 1014 1691 filius.
1060 1598 1130 1664 Non
1152 1598 1243 1663 modo
1267 1599 1325 1664 loci
1347 1604 1445 1687 ipsius

321 1742 493 1806 contextuS,
524 1749 626 1791 verum
656 1728 744 1789 etiam
772 1727 815 1788 rei
842 1723 986 1788 iudicatae
1008 1728 1084 1790 ratio
1108 1725 1257 1811 postulat,
1287 1737 1323 1789 ut
1343 1725 1445 1792 locum

320 1857 372 1920 tali
403 1853 493 1918 modo
522 1852 710 1938 refingamus.
756 1847 832 1912 Nam
861 1851 916 1912 etsi
944 1849 1102 1937 Aegyptii,
1139 1848 1244 1914 Chami
1272 1854 1443 1940 progenies,

320 1979 480 2067 phallicum
503 1981 620 2064 signum
642 1977 730 2062 primi
752 1977 1011 2061 excogitaverunt,
1035 1978 1233 2062 generationis
1248 1988 1347 2040 tamen
1361 1997 1445 2062 sym·

320 2105 392 2170 bolo
416 2105 540 2188 mystica
561 2103 664 2187 potius
681 2121 770 2187 quarn
786 2097 935 2175 obscoena
949 2099 1163 2186 significatione
1177 2099 1347 2164 utebantur.
1385 2099 1445 2166 Ca-

276 2234 283 2244 '
321 2233 455 2295 naauitae
479 2239 591 2303 autem,
624 2247 716 2313 quum
738 2225 810 2288 haec
833 2223 870 2288 ab
893 2225 1051 2312 Aegyptiis
1076 2224 1260 2303 didicissent,
1292 2229 1391 2290 omnia
1411 2230 1445 2291 in

320 2356 406 2441 pejus
430 2350 599 2429 vertebant,
628 2363 657 2415 et
679 2349 869 2415 libidinosam
890 2349 1092 2416 Baal·Peon's
1115 2355 1355 2438 superstitionem
1378 2352 1445 2416 aliis

321 2479 459 2568 gentibus
494 2475 712 2542 renuntiabant.
758 2475 867 2539 Merito
902 2479 993 2563 igitur
1024 2474 1180 2541 Canaanus
1214 2499 1309 2563 nepos
1339 2479 1444 2563 potius

321 2627 410 2693 quam
427 2601 557 2669 (ibamus
580 2602 659 2666 filius
684 2600 755 2664 diris
778 2603 908 2687 paternis
933 2599 1105 2666 devovetur.
1139 2601 1248 2666 Merito
1266 2599 1446 2667 Ganaauitae

320 2734 423 2817 potius
447 2751 535 2815 quam
550 2728 694 2814 Aegyptii
716 2725 753 2790 ab
768 2726 905 2792 israelitis
929 2724 1065 2790 debellati
1088 2727 1205 2792 servilia
1226 2730 1263 2791 iis
1283 2730 1446 2792 ministeria

321 2851 521 2939 praestabant.

411 2976 517 3040 Restat
544 2989 578 3040 ut
608 2997 700 3040 meam
731 2978 905 3040 sententiam
933 2997 1100 3062 proponam
1124 2976 1160 3044 de
1181 2974 1275 3043 nobili
1297 2977 1346 3042 illa
1367 2981 1447 3042 vati-

322 3104 483 3179 cinatione,
508 3123 584 3188 quae
607 3102 785 3190 Fragmento
809 3101 879 3165 huic
900 3101 987 3166 finem
1010 3101 1080 3166 facit
1103 3097 1189 3184 (Gen.
1204 3102 1263 3180 IX,
1281 3099 1333 3182 26,
1351 3098 1423 3185 27):

661 3284 724 3379 nu
748 3260 917 3391 inber
875 3277 961 3356 nina
983 3289 1078 3391 pm

679 3366 1079 3518 mmmm

743 3492 844 3640 unffi
859 3493 989 3640 'nubre
1012 3543 1078 3628 nn}

739 3617 1079 3766 nostaeapsos

678 3740 1079 3891 mwwffi

318 3969 532 4057 interpretibus
555 3969 688 4034 fraudem
711 3969 779 4033 lecit
800 3975 937 4057 repetitio
961 3971 1084 4038 lineolae
1108 3972 1267 4051 secundae,
1293 3995 1383 4060 quae,
1409 3989 1448 4041 ut

318 4096 391 4160 mihi
414 4095 534 4183 quidem
557 4095 688 4172 videtur,
721 4096 836 4160 nullum
863 4097 962 4162 locmn
990 4096 1096 4174 habet,
1126 4101 1183 4162 uisi
1206 4101 1238 4162 in
1260 4099 1319 4164 fine
1341 4121 1446 4186 prcca-

318 4224 419 4286 tionis.
456 4219 593 4298 Dathius,
619 4223 670 4306 qui
693 4218 853 4288 arbitratur
877 4197 947 4326 ltssl
970 4223 1117 4288 hocloco
1142 4236 1172 4288 et
1192 4227 1224 4288 in
1248 4224 1391 4312 singulari
1413 4241 1445 4292 et

318 4349 349 4410 in
372 4346 480 4432 plurali
502 4349 578 4410 verti
599 4369 704 4433 posse,
737 4350 895 4435 acquiescit
923 4351 955 4412 in
978 4347 1169 4436 ambiguitate
1192 4347 1340 4414 vocabuli.
1386 4349 1445 4416 llst

319 4482 417 4538 autern
440 4445 512 4546 505
534 4476 655 4558 proprie
671 4485 700 4540 et
714 4477 745 4539 vi
760 4477 877 4540 termini
891 4476 1009 4562 poetica
1022 4473 1146 4562 pluralis
1162 4472 1259 4542 forma
1272 4497 1329 4561 pro
1344 4449 1440 4581 hill}
