3172 5186
780 365 991 487 -662-

330 576 420 662 (Gen.
437 581 459 657 l,
475 575 597 660 2-4),
625 598 711 666 quam
741 581 770 641 in
801 579 1021 641 continuatione
1043 574 1155 639 Jesaiae
1185 571 1295 656 (XLV,
1313 570 1333 638 5
1350 568 1443 660 sqq),

330 725 405 794 quac
428 702 466 768 ad
487 704 640 768 Zoroastri
664 701 839 768 dualismum
862 701 942 766 haud
966 700 1090 766 obscure
1112 702 1283 786 respiciunt.
1318 695 1445 774 Deinde,

330 850 420 917 quum
444 829 518 894 liber
538 829 669 916 Regum,
693 831 743 916 qui
768 827 804 891 ad
827 845 935 891 annum
956 826 994 890 A.
1011 824 1046 892 C.
1064 823 1127 895 562
1142 824 1323 889 Judaeorum
1348 821 1447 886 histo·

329 958 403 1019 riam
426 953 543 1020 deducit
566 950 598 1035 (2
609 955 706 1040 Βε99.
719 951 817 1040 XXV,
834 950 905 1032 27),
930 951 1191 1016 Deuteronomium
1215 948 1384 1024 dumtaxat,
1408 959 1445 1012 ut

321 1080 477 1154 ,Mosaieae
510 1080 581 1168 legis
615 1079 737 1153 librum,
767 1077 931 1142 laudaverit
957 1073 1000 1159 (2
1017 1078 1113 1164 3299.
1131 1075 1211 1152 XlV,
1235 1072 1265 1140 6.
1296 1074 1443 1140 cl.Deut.

329 1203 440 1281 XXIV,
459 1202 516 1282 163
540 1203 771 1291 complexu,
790 1202 839 1269 13.
856 1202 891 1268 cl.
905 1202 996 1268 Dect.
1005 1201 1116 1277 XXIX,
1134 1200 1198 1282 27),
1223 1203 1354 1288 quinque
1377 1199 1444 1262 illae

330 1332 579 1417 quinqueaniones
597 1329 716 1416 postilla
731 1340 898 1416 compactae
920 1341 998 1393 suut.
1028 1326 1062 1393 Si
1083 1330 1175 1415 igitur
1188 1349 1295 1392 nomen
1310 1326 1444 1391 deborae

329 1467 401 1542 post
421 1477 530 1519 anunm
546 1454 584 1519 A.
602 1452 636 1520 C.
654 1452 733 1531 562,
756 1453 809 1518 sed
833 1465 899 1518 ante
923 1474 1030 1518 annum
1046 1452 1084 1517 A.
1101 1450 1136 1518 C.
1153 1450 1233 1528 446,
1258 1473 1318 1540 quo
1337 1450 1444 1516 Judaci

330 1578 367 1644 ab
391 1579 495 1646 exsilio
518 1579 683 1658 redierunt,
705 1580 918 1668 aliquantisper
941 1577 1088 1655 desuevit,
1115 1591 1177 1644 tum
1202 1578 1319 1644 demum
1341 1575 1445 1642 Elohi·

331 1707 422 1771 sticus
444 1705 563 1793 prodire
585 1708 686 1794 potuit
716 1705 857 1770 librorum
880 1724 1029 1768 sacrorum
1052 1703 1166 1768 Editor.
1213 1703 1254 1768 At
1280 1703 1375 1768 ultimi
1398 1723 1445 1767 re·

330 1851 410 1920 gum,
434 1829 579 1914 Joa-iat,
595 1829 792 1913 Jahn-atae,
813 1827 1050 1912 Jato-t-alatm,
1074 1840 1104 1894 ct
1126 1827 1321 1910 ledele-iad,
1349 1827 1445 1894 ultimi

331 1977 451 2043 quoquc
473 1955 684 2042 prophetarum
706 1967 773 2020 ante
789 1956 933 2032 exsilium,
949 1953 1113 2037 June-tat,
1132 1953 1326 2036 Jeme-tat,
1342 1953 1444 2020 Μίσα-

330 2079 399 2162 tat,
423 2093 452 2144 et
472 2079 578 2145 Hosec
600 2080 644 2144 vel
665 2078 883 2163 Jeto-ateet,
907 2083 1023 2144 nomine
1045 2079 1176 2144 Jchovas
1201 2081 1334 2168 insigniti
1362 2091 1445 2144 eraut

332 2201 407 2285 (Jer.
421 2204 527 2278 XLIV,
549 2203 600 2285 5).
640 2205 747 2271 Postea
776 2218 889 2280 autem,
918 2219 954 2270 ut
980 2205 1123 2270 Harreius
1152 2204 1239 2270 nohis
1268 2217 1372 2270 auctor
1400 2217 1445 2269 cst

331 2325 547 2417 (Genealoya‘es
563 2353 613 2418 pp.
631 2327 673 2396 62
689 2327 778 2418 sqq),
802 2330 944 2395 habemus
968 2334 997 2394 iu
1020 2333 1100 2418 regia
1124 2331 1214 2418 stirpe
1231 2327 1396 2395 Stante-et
1415 2341 1445 2395 et

197 2499 198 2502 =
331 2454 536 2538 Zemabbabel,
558 2456 667 2544 quihus
695 2459 844 2533 suscessit,
868 2455 1001 2544 idemque
1016 2456 1147 2522 Jchovae
1169 2477 1276 2542 nornen
1292 2477 1442 2531 revocans,

331 2578 518 2646 Hanno-iola
540 2579 585 2646 rel
608 2578 796 2646 Jo-atanan.
840 2581 918 2646 Inter
947 2576 1124 2668 prophetas
1139 2585 1302 2646 invenimus
1325 2583 1445 2645 nomina

331 2703 480 2771 Ereti-el
500 2702 598 2792 (quem
621 2706 774 2770 Jchovista
798 2719 933 2771 vocasset
955 2701 1195 2789 Hercle-ialalmt
1216 2706 1366 2791 Dani-ek
1392 2705 1444 2770 sed

332 2844 435 2918 postea
458 2830 534 2896 redit
554 2831 685 2896 Jchovac
708 2850 815 2896 nomen
838 2834 868 2896 in
891 2833 1045 2919 prophetis
1061 2831 1259 2916 Nonam-iola,
1278 2829 1442 2912 Obesi-iola,

332 2954 542 3042 Zophea-iola,
560 2956 760 3022 Zoelae-ind.
790 2957 969 3045 Archangeli
993 2979 1111 3044 quoque
1136 2970 1279 3022 vocantur
1295 2955 1447 3022 Maelio-cl

332 3092 364 3144 et
378 3079 529 3144 Gabai-el.
559 3081 597 3145 Et
620 3085 648 3144 iu
672 3067 843 3168 pontificum
867 3083 999 3170 catalogo
1024 3083 1277 3148 interlchovistas
1291 3080 1446 3147 Joe'o-ln'm

333 3217 361 3268 ct
384 3203 502 3269 Joa'oda
524 3208 722 3293 interponitur
743 3205 877 3271 Elohista
897 3206 1065 3274 Eli-mtto.
1095 3207 1168 3272 Ecce
1191 3211 1282 3296 igitur
1303 3206 1445 3295 periodus

332 3328 507 3408 Elohistica‚
538 3353 596 3419 qua
622 3331 719 3396 editor
744 3331 895 3419 Babylona
927 3333 1034 3420 degens
1063 3334 1227 3420 generalius
1256 3332 1310 3398 Dei
1338 3353 1444 3398 nomen

331 3457 470 3542 propriae
483 3456 600 3522 ludoici
616 3459 743 3522 numinis
765 3458 954 3545 appellationi
976 3458 1212 3546 anteponendum
1234 3462 1362 3534 censuit,
1384 3461 1446 3522 sire

333 3581 415 3668 quod
434 3581 562 3646 dominis
585 3585 647 3648 suis
671 3581 914 3670 morigerabatur,
939 3586 1000 3650 sive
1016 3583 1098 3672 quod
1121 3607 1137 3648 a
1162 3587 1307 3650 strictiore
1326 3595 1445 3669 patrum

333 3707 413 3772 cultu
437 3707 572 3772 nonnihil
595 3706 782 3772 desciscebat.

423 3831 604 3920 Quamquam
638 3846 733 3898 autam
764 3833 947 3898 Jchovistam
977 3837 1075 3920 operis
1104 3835 1334 3922 quinquepartiti
1361 3833 1446 3898 reda·

333 3970 441 4024 ctorem
464 3957 553 4022 luisse
577 3957 674 4034 credo,
699 3979 823 4046 eumque
847 3981 951 4024 censeo
973 3963 1003 4023 in
1019 3957 1183 4047 Babylonia
1206 3959 1335 4024 laborem
1359 3981 1447 4024 suum

333 4081 500 4161 coniecisse,
522 4085 640 4150 minime
661 4095 757 4148 tamen
780 4083 896 4160 dubito,
919 4087 990 4172 quin
1006 4084 1089 4161 Esne,
1105 4083 1276 4161 Nehemiah,
1301 4087 1446 4172 ceterique

331 4208 510 4284 Jchovistae‚
524 4212 573 4296 qni
593 4212 622 4272 in
638 4213 762 4296 patriam
779 4208 922 4285 redibant,
936 4209 974 4272 ad
988 4209 1219 4277 Pentateuchum
1234 4211 1384 4300 symbolas
1397 4210 1447 4277 de·

333 4332 436 4398 derint.
458 4334 506 4399 Ad
520 4333 620 4400 Esram
637 4334 720 4423 quod
735 4337 847 4411 attinet,
866 4357 925 4400 nou
943 4333 1031 4400 modo
1048 4338 1140 4422 ipsius
1151 4335 1364 4425 Nehemiaequc
1380 4336 1447 4401 libri

332 4453 519 4538 (unvita
531 4455 642 4524 10-14.
656 4459 708 4524 21.
722 4460 774 4525 25.
789 4459 841 4527 26.
854 4459 905 4538 ΙΧ,
918 4460 1008 4548 lsqq.
1024 4461 1228 4539 NehemVllI,
1239 4460 1308 4529 1-9.
1321 4459 1371 4528 13.
1383 4459 1446 4544 18),
