3160 5170
753 363 769 376 „
824 261 897 339 152

478 471 540 542 Neo
561 499 624 542 non
645 476 819 565 peregrinus
841 485 911 540 tuae
934 471 1015 540 domi
1039 473 1159 562 degens,

479 600 520 668 Ut
535 624 638 668 servus
653 614 724 666 tnus
740 613 770 666 et
784 599 897 678 aneilla,
917 621 1010 687 aeque
1026 621 1059 664 ac
1073 612 1107 664 tu
1124 603 1198 686 ipse,
1222 603 1419 688 requiescant,

296 717 393 791 oeuev.
407 743 456 804 [15]
479 728 580 815 Atque
595 740 631 792 nt
640 729 805 793 memineris
818 739 846 791 te
859 747 979 813 quoque
992 747 1110 791 servum
1120 724 1212 792 luisse
1224 729 1256 790 in
1265 727 1418 815 Aegypto,

479 851 540 918 Sed
561 864 590 918 te
605 852 674 918 inde
690 851 829 918 eduxisse
844 851 988 917 Jchovam
1003 850 1099 916 Deum
1115 865 1201 917 tuum
1215 875 1306 919 manu
1321 852 1421 919 valida

885 990 914 1041 et
936 989 1053 1042 exserto
1078 975 1212 1056 brachio,

479 1103 518 1170 Et
539 1114 699 1192 propterea
721 1103 853 1168 voluisse
877 1115 912 1168 ut
935 1103 1011 1168 diem
1033 1107 1174 1192 requietis
1199 1103 1383 1172 observares·

839 1228 877 1293 V.

407 1369 455 1431 [ιε]
478 1355 602 1422 Honora
624 1367 737 1443 patrem
760 1368 846 1420 tuum
869 1377 903 1420 ac
926 1368 1063 1435 matrem,
1094 1359 1172 1422 sicut
1192 1360 1343 1446 praecepit
1363 1356 1419 1424 cibi

883 1480 999 1547 Jchova
1020 1482 1103 1548 Deus
1125 1495 1207 1562 tuus,

479 1602 521 1674 Ut
548 1605 601 1672 diu
623 1609 707 1674 vivas
736 1618 766 1673 et
790 1605 864 1674 beno
886 1606 942 1673 tibi
965 1611 1005 1673 sit
1026 1611 1058 1672 in
1079 1621 1159 1676 terra
1181 1631 1270 1698 qnam
1291 1608 1347 1677 tibi
1368 1609 1420 1676 Ille

884 1733 1008 1800 daturus
1032 1748 1086 1800 ost.

834 1854 885 1923 Vl.

282 1999 285 2010 ·
408 1995 457 2056 [ιτ]
480 1979 525 2048 Ne
548 1980 664 2049 caedem
690 1986 864 2051 committas.

825 2109 887 2175 Vll.

408 2245 456 2308 [ιε]
479 2230 561 2298 Neve
583 2234 756 2299 moecheris.

818 2360 893 2426 Vlll.

407 2497 456 2560 [uo]
479 2482 560 2552 Neve
583 2484 696 2551 furtum
719 2484 819 2552 facias.

826 2611 879 2678 [Χ.

407 2748 456 2812 [oo]
478 2731 559 2802 Neve
587 2735 694 2804 salsum
728 2736 884 2826 perhibeas
919 2742 1122 2807 testiinonium
1156 2741 1194 2806 ad
1222 2741 1343 2806 alicnus
1373 2744 1421 2808 in·

878 2865 1000 2951 juniam.

834 2988 874 3054 X.

408 3115 524 3193 [811No
548 3118 739 3204 concupiscas
763 3114 883 3180 alterius
907 3137 1049 3195 uxorem

478 3242 566 3310 Neve·
584 3253 706 3329 appetas
730 3241 851 3306 domum
874 3241 994 3308 alterius
1018 3254 1211 3334 catagam,

478 3369 543 3435 Aut
565 3389 684 3433 servum
707 3381 759 3432 aut
781 3367 914 3433 ancillam
937 3381 990 3434 aut
1011 3367 1119 3435 bovem
1142 3372 1348 3450 aucesium,

479 3496 543 3562 Aut
565 3495 651 3559 aliam
675 3498 809 3582 quamvis
834 3496 897 3580 ejus
920 3499 1175 3582 possessionen«

407 3635 456 3697 [aa]
478 3622 558 3689 Haec
580 3619 672 3686 verba
693 3621 812 3688 locutus
835 3633 881 3686 est
900 3619 1015 3686 Jehova
1038 3621 1077 3686 ad
1098 3625 1267 3689 universam
1290 3635 1419 3692 vestm

832 3749 1003 3813 concionem

479 3876 561 3940 Voce
576 3895 683 3963 magna
698 3895 737 3940 ex
750 3886 860 3952 monte,
881 3896 896 3938 c
911 3872 1008 3938 medio
1024 3876 1101 3963 igne,
1125 3873 1215 3954 nube,
1240 3888 1270 3940 et
1285 3875 1418 3967 ealigine.

479 4001 526 4066 Ac
536 3999 610 4067 nihil
621 4001 746 4091 amplius
760 4001 863 4068 effatus
877 4013 930 4078 cst,
946 3999 999 4065 sed
1010 4000 1083 4066 haee
1095 3999 1211 4066 duabus
1222 4000 1331 4070 tabulis
1343 4003 1419 4091 lapi-

830 4125 892 4190 deis
913 4127 1077 4214 insculpsit,
1100 4149 1174 4216 quas
1196 4129 1269 4196 mihi
1283 4127 1417 4198 occidit„
