3172 5186
692 353 768 430 327

259 562 424 628 Jasharana
446 563 537 647 hujus
561 567 696 630 carminis
720 566 834 632 indoles
849 570 880 634 in
895 570 1031 640 versibus
1047 572 1077 652 7,
1093 573 1115 640 8
1131 579 1288 666 praecipue

168 687 369 767 eminc13ubi
392 707 484 774 quum
509 685 628 754 Chorus
651 689 715 754 Deo
740 692 941 761 acclamasset:

331 817 462 876 Thronus
482 827 558 888 tuus,
579 837 595 876 o
616 819 699 890 Deus,
721 831 850 879 aeternus
872 833 923 894 est,

331 923 477 1000 Sceptrum
490 923 646 1000 probitatis
666 927 779 1008 (multip)
801 939 843 986 cst
863 939 1013 1006 sceptrum.
1024 936 1102 1010 regni
1122 937 1172 992 tui.

258 1051 429 1120 Praefectus
451 1053 529 1118 illico
553 1057 687 1133 succinit,
711 1055 750 1119 ad
772 1077 870 1143 regem
893 1080 1064 1138 conversus,

328 1192 414 1250 Amas
431 1190 586 1265 justitiam,
609 1203 636 1250 et
655 1194 808 1269 nequitiam
829 1194 929 1267 odisti;

330 1297 466 1364 Quocirca
486 1301 568 1357 unxit
587 1309 615 1356 te
635 1299 719 1368 Deus,
739 1300 814 1357 Deus
835 1311 910 1373 tuus,

329 1403 395 1462 Oleo
414 1406 535 1462 lactitiae
556 1424 623 1482 prae
643 1407 725 1464 sociis
746 1408 811 1464 tuis.

234 1543 341 1606 Veram
363 1540 421 1606 loci
443 1545 716 1631 interpretationem
739 1565 802 1607 eam
818 1565 891 1623 esse,
916 1566 1005 1634 quam
1021 1547 1098 1626 dedi,
1127 1549 1289 1616 ostendunt

167 1667 240 1731 aliae
264 1667 394 1752 ejusdem
416 1671 459 1731 rei
482 1667 710 1756 significationes
739 1705 774 1716 —
801 1689 915 1755 nempe,
939 1669 1034 1736 Deum
1052 1675 1171 1758 probos
1191 1675 1288 1740 homi·

166 1813 219 1855 nes
248 1791 340 1855 tutela
368 1814 422 1856 sua
450 1791 566 1870 lovere,
602 1805 760 1879 propterca
790 1791 873 1880 quod
906 1797 969 1880 ipse
992 1799 1159 1882 probitatis
1188 1794 1287 1881 (illl)

167 1928 316 2002 sceptrum
339 1929 432 2005 gerat.
466 1917 510 1980 lta
532 1918 564 1980 in
585 1916 681 1981 Mosis
705 1920 817 1982 cantico
837 1919 901 2003 jam
923 1941 1015 2006 supra
1036 1922 1160 2010 legimus
1184 1878 1285 2006 (Decri.

165 2039 291 2119 XXXII,
307 2036 358 2123 ll:
393 2035 399 2042 ’

399 2169 472 2228 Deus
492 2168 581 2228 fidebs
602 2181 644 2228 est
665 2181 692 2228 et
713 2172 772 2230 sine
792 2172 938 2247 iniquitate

398 2275 501 2334 Jastus
522 2286 549 2334 et
562 2275 675 2352 prebeas
697 2287 738 2335 cst
758 2277 812 2334 lllc.

164 2411 205 2478 Et
225 2414 257 2480 iu
277 2412 387 2480 Psalm.
403 2411 495 2491 XCII,
514 2410 570 2480 16:

400 2533 549 2592 ostendere
570 2533 705 2592 Jehovam
726 2552 785 2592 esse
799 2532 934 2612 probans.

165 2659 307 2730 Similiter
328 2661 439 2732 Jesaias
464 2657 588 2748 (XXVI,
605 2658 653 2745 il:

398 2793 452 2852 Via
462 2798 547 2870 justo
568 2803 611 2850 est
629 2792 786 2851 rectissima

525 2906 569 2974 (ad
586 2907 635 2962 litt.
655 2912 837 2963 rectitudines
856 2908 896 2962 vel
913 2911 1080 2980 probitates,
1099 2906 1247 2998 naming).

398 3013 452 3084 Tu,
474 3013 598 3091 oprobc
618 3015 714 3104 (ἾΨᾎ),
736 3014 854 3073 orbitam
873 3014 944 3090 justi
965 3015 1068 3090 dirigis.

254 3157 293 3226 Ut
308 3159 383 3226 benc
397 3174 519 3226 monent
533 3160 671 3238 orthius,
697 3173 726 3224 et
740 3175 811 3248 post
826 3184 892 3226 eum
910 3159 1052 3226 Gescnius
1069 3161 1107 3225 ad
1122 3161 1220 3228 locum
1235 3159 1284 3228 Je-

163 3288 252 3360 saiae‚
265 3284 417 3372 Propheta
431 3308 493 3350 non
508 3286 643 3374 loquitur
654 3285 690 3350 de
702 3289 757 3350 viis
773 3289 868 3373 ipsius
882 3287 968 3371 justi,
986 3289 1038 3350 ie.
1053 3285 1163 3350 devita
1178 3287 1242 3372 ejus
1254 3300 1284 3352 et

159 3431 280 3476 morum
295 3408 454 3498 probitate,
478 3409 531 3475 sed
554 3410 590 3474 de
612 3408 747 3474 felicitate
763 3402 819 3474 viri
834 3408 922 3496 probi
939 3421 967 3472 et
985 3409 1071 3494 justi,
1097 3409 1133 3473 de
1148 3432 1183 3474 eo
1200 3411 1285 3497 quod

163 3534 244 3600 Deus
259 3533 374 3622 probus
395 3555 451 3620 pro
466 3538 524 3623 piis
541 3556 574 3598 ac
591 3535 683 3620 justis
699 3533 814 3612 efficiat,
839 3533 875 3598 de
891 3555 1004 3598 summa
1019 3532 1074 3596 Dei
1088 3531 1237 3619 probitate
1251 3535 1284 3598 in

164 3656 302 3724 omnibus
326 3679 400 3746 quae
423 3661 480 3750 piis
504 3661 649 3723 eveniant.
696 3656 827 3737 Scilicet,
857 3671 1006 3746 utsupra
1029 3660 1147 3744 saepius
1170 3657 1283 3746 signifi·

163 3787 238 3860 cavi,
261 3787 326 3870 ipsa
348 3781 415 3847 libri
438 3782 594 3848 Jasharani
611 3785 687 3847 ratio
706 3804 744 3846 ex
759 3805 794 3847 eo
811 3785 966 3859 emanavit,
991 3781 1074 3869 quod
1089 3803 1176 3847 voces
1192 3779 1283 3886 *llilrf

163 3921 193 3973 et
215 3903 290 4012 Ἶψζ
316 3911 347 3972 in
370 3929 459 3972 unam
481 3910 633 3972 notionem
657 3907 822 3973 confluunt.
867 3906 981 3976 Ambae
1006 3929 1092 3972 voces
1117 3908 1160 3971 od
1180 3907 1281 3993 reqio-

162 4055 233 4098 nem
254 4034 377 4098 ciarum
399 4046 530 4118 spectare
552 4045 695 4120 possunt,
725 4046 759 4098 ut
786 4031 861 4097 bene
889 4035 1019 4097 innuerit
1042 4030 1184 4096 Gesenius
1208 4025 1281 4111 (Jes.

162 4180 193 4246 p.
211 4153 304 4239 aab:
333 4156 450 4222 »dieses
472 4156 541 4222 Bild
568 4160 608 4222 ist
637 4156 730 4221 selbst
756 4160 788 4221 in
813 4157 859 4222 die
883 4155 1015 4244 Spraehe
1038 4155 1281 4242 iibergegangen3

163 4281 241 4348 elenn
263 4272 354 4376 *titire
376 4285 417 4346 ist
435 4279 681 4369 perademaeben
702 4281 766 4346 und
787 4281 959 4369 beplucleem
984 4280 1047 4346 und
1061 4274 1143 4382 '7272’
1165 4279 1283 4365 perede

162 4445 252 4512 amn,
284 4425 450 4512 entsprieht
478 4423 544 4492 dem
571 4422 651 4490 arab.
673 4440 743 4507 see
774 4421 926 4510 pluoblieb
958 4443 1048 4510 seyne,
1078 4420 1170 4510 vergl.
1205 4421 1282 4488 auch
