3172 5186
642 397 853 512 Q

185 561 327 676 Ieremias
340 609 392 688 IV,
409 609 428 675 t
454 609 490 675 de
506 608 602 698 Syriis
626 622 655 676 et
668 585 819 697 Xssyriis:
844 611 995 677 »ascendit
1010 613 1058 678 leo
1073 634 1112 678 ex
1127 614 1303 681 arundineto

186 757 243 800 suo
277 735 403 822 perdens
436 746 548 824 gentes.
594 734 755 824 Egreditur
789 757 804 799 e
832 736 898 800 loco
930 758 986 801 suo
1021 736 1059 801 ad
1087 751 1194 803 terram
1223 751 1306 806 tuam

186 860 375 937 vastandam,
405 861 442 924 ad
471 859 559 950 urbes
589 873 656 924 tuas
679 865 720 924 ita
744 859 952 937 destruendas,
982 874 1016 925 ut
1039 885 1124 926 nemo
1149 885 1197 927 eas
1220 865 1306 930 inha-

186 985 292 1050 nicec«
315 984 352 1049 cl.
376 984 490 1062 11‚15:
515 985 635 1050 »leones
657 988 807 1074 rugientes
830 995 948 1050 terram'
962 988 1026 1072 ejus
1049 1001 1234 1052 vastarunt«
1265 991 1305 1055 tte

187 1123 290 1176 contra
304 1110 425 1188 Iesaias,
443 1133 535 1197 quum
549 1110 754 1175 Idumaeorum
772 1109 887 1176 eaedem
904 1114 1081 1177 vaticinatur
1098 1107 1250 1194 (XXXIV,
1259 1111 1302 1198 7),

186 1247 330 1303 mactatos
353 1237 487 1300 inimicos
505 1239 547 1300 sic
561 1236 690 1300 inducit:
715 1248 880 1324 »cogentur
895 1239 984 1302 boves
1000 1237 1115 1325 duffelc',
1141 1239 1307 1304 tauricum

177 1362 330 1447 juvencis,
354 1371 418 1425 tota
439 1374 518 1425 terra
534 1382 636 1426 eorum
654 1364 797 1451 sanguine
811 1361 983 1449 replebitur,
1008 1374 1037 1426 et
1050 1362 1149 1448 pulvis
1166 1384 1204 1427 cx
1219 1361 1304 1449 adipe

186 1507 290 1551 eorum
312 1484 577 1574 impinguebitur.«

274 1609 419 1698 ReIIquos
441 1633 546 1675 versus
580 1633 639 1676 una
672 1625 760 1700 atque
791 1612 881 1676 altera
911 1611 1117 1677 observatione
1150 1611 1302 1678 dimittam.

188 1733 330 1802 Gesenius
354 1739 384 1800 in
401 1735 557 1801 Thesauro
577 1733 619 1824 (p.
637 1732 715 1819 534)
731 1735 812 1808 ,bene
836 1741 952 1803 monuit
975 1759 1082 1801 nomen
1106 1733 1197 1816 ἅπαξ
1212 1735 1305 1818 λεγό-

185 1881 286 1946 μενον
309 1857 415 1967 Iphin
438 1856 480 1944 (v.
498 1859 554 1945 32)
572 1863 736 1951 significare
747 1863 891 1950 pinques,
913 1861 981 1928 indc
998 1863 1113 1946 divites,
1135 1874 1303 1949 magnates,

187 2025 226 2069 ex
250 2001 380 2068 Arabico
408 1999 526 2110 μ’»,
557 2005 696 2093 aliudque
721 2004 858 2070 vocabuli
880 2008 1039 2092 vestigium
1066 2008 1162 2070 inesse
1190 2009 1222 2070 in
1250 2029 1306 2071 no·

187 2149 264 2210 mine
286 2149 410 2234 proprio
423 2138 660 2231 Ἀσαμωναῖος,
682 2146 765 2234 quod
780 2152 873 2236 gessit
888 2170 962 2212 avus
978 2149 1153 2213 Mattathiae
1169 2147 1303 2238 (Ioseph.

186 2271 278 2335 Arch.
299 2271 369 2350 XII,
392 2269 411 2335 6
440 2270 507 2356 §b
536 2286 565 2337 et
592 2285 698 2360 postea
727 2275 881 2337 universae
909 2272 1153 2337 Maccahaeorum
1180 2272 1305 2340 familiae

186 2395 332 2462 tributum
355 2409 409 2460 est.
442 2396 543 2461 Radix
566 2409 611 2460 est
633 2394 741 2501 ΕΨΠ,
766 2397 879 2484 adjecta
895 2401 1101 2462 terminatione
1122 2406 1158 2502 Ε.
1194 2398 1305 2464 Vocem

187 2520 318 2588 lehovae
342 2516 383 2602 (v.
402 2519 457 2606 34)
481 2524 596 2586 tonitru
619 2544 682 2586 esse
705 2544 796 2609 supra
811 2522 939 2586 vidimus
964 2518 1014 2604 (ad
1030 2521 1099 2585 Iud.
1115 2522 1153 2600 V,
1172 2520 1238 2606 23).
1271 2525 1306 2588 In

187 2647 245 2712 hoc
269 2669 356 2712 versu
379 2659 409 2710 et
430 2646 623 2735 sequentibus
647 2669 788 2734 agnosces
813 2646 937 2712 eundem
960 2646 1070 2733 stylum
1092 2659 1180 2733 atque
1195 2650 1226 2712 iu
1243 2668 1306 2712 car-

186 2775 264 2838 mine
285 2772 451 2837 dasharano
474 2771 563 2835 Dent.
584 2771 726 2849 XXXIII,
750 2769 808 2848 26,
839 2770 891 2835 ubi
920 2773 1006 2834 etiam
1030 2794 1117 2836 voces
1141 2767 1248 2876 Ε773Ψ
1276 2787 1306 2838 et

187 2894 320 3005 ΠῬΠΨ
330 2910 470 2983 tanquam
486 2919 669 2984 synonymae
685 2909 887 2983 apponuntur.
912 2895 1063 2960 Neminem
1078 2896 1181 2962 latebit
1191 2897 1303 2976 Iacchi,

188 3047 279 3112 quum
302 3026 414 3110 primus
438 2997 515 3114 ι777·
500 3025 640 3092 ‘NE
617 3045 679 3086 sive
702 3023 767 3090 Det
788 3020 907 3087 habitat
863 3023 1008 3086 itionem
1031 3021 1184 3100 conderet,
1209 3023 1306 3088 excla-

187 3152 346 3214 mationem
363 3142 448 3229 (Gen.
464 3147 605 3225 XXVIII,
626 3143 693 3229 17):
718 3152 788 3218 tttn
812 3140 1014 3252 Ε7ΡΨΠ7
958 3139 1058 3219 77777·
1060 3153 1127 3225 7773,
1144 3186 1180 3198 -
1197 3170 1307 3237 »quam
1374 3238 1380 3248 Ι

187 3272 325 3342 terribilis
354 3285 398 3336 est
426 3272 474 3335 hic
501 3271 621 3336 locusI«
648 3308 684 3320 -
716 3273 894 3336 examussim
924 3294 1085 3359 congruere
1112 3296 1177 3337 cum
1201 3274 1304 3340 ultimo

186 3402 282 3466 nostri
305 3399 408 3463 cantici
432 3418 535 3475 versu,
563 3396 615 3461 ubi
638 3410 741 3484 poeta,
774 3395 867 3459 oculis
891 3395 928 3459 ad
951 3398 1106 3483 templum,
1135 3397 1306 3464 absolutum

187 3523 260 3589 illud
284 3524 398 3589 divinae
421 3521 613 3588 habitationis
635 3522 793 3609 exemplar,
819 3523 979 3596 conversis,
1003 3519 1196 3586 vociferature
1221 3515 1305 3596 ml:

186 3645 443 3758 'sidyma
393 3611 538 3725 bauhta,
565 3646 721 3712 »terribilis
745 3669 785 3724 es,
812 3644 968 3722 chous,
961 3667 992 3707 m
1016 3647 1189 3710 sanctuariis
1207 3647 1305 3712 mist«

275 3863 376 3950 Atque
398 3866 440 3926 ita
463 3861 610 3927 adfinem
632 3860 760 3949 perduxi
779 3791 915 3925 laborem
938 3859 1010 3924 mihi
1033 3858 1129 3924 saltim
1146 3880 1242 3946 neque
1261 3862 1306 3926 in·

183 3988 349 4078 jucundum
371 4009 467 4076 neque
490 3986 717 4053 infructuosum.
750 3985 830 4070 Quid
845 3997 879 4049 tu
897 4007 1024 4062 censeas,
1048 3982 1140 4049 lector
1154 3983 1295 4050 benevole

187 4117 297 4182 neseio.
325 4113 401 4179 Mihi
425 4123 522 4178 autem
547 4114 617 4178 dum
639 4113 711 4177 haec
733 4111 830 4177 scribo
855 4114 940 4200 quasi
958 4110 1093 4198 pellicula
1109 4109 1252 4198 quaedam
1268 4133 1306 4177 ex

189 4241 282 4308 oculis
306 4239 437 4305 decidere
461 4238 588 4304 videtur.
622 4237 692 4303 Non
714 4250 749 4302 ut
771 4249 856 4303 antea
878 4258 932 4325 per
954 4234 1107 4312 nebulam,
1132 4234 1185 4299 sed
1208 4255 1307 4300 corant

187 4369 219 4433 in
241 4369 340 4454 aprica
361 4367 427 4431 luco
449 4387 495 4431 res
518 4377 626 4454 gestas,
651 4364 771 4442 litteras,
796 4364 977 4450 relligionem
997 4361 1194 4426 lsraebtarum
1217 4357 1307 4426 Solo-

187 4511 361 4558 moneorum
385 4489 530 4558 discerno.
571 4488 640 4555 Non
668 4502 701 4554 ut
723 4499 808 4554 antea
832 4509 933 4556 vocem
955 4508 1017 4555 non
1040 4483 1254 4578 explanabiIem
1276 4496 1307 4552 et
