3166 5178
481 955 500 992 Χ

414 1163 794 1266 CONSPECTUS
827 1165 1032 1264 RERUM

163 1360 205 1426 m
222 1360 533 1428 anonuoomums
554 1363 608 1429 ur
629 1362 936 1430 colummanus
957 1361 1283 1432 ueteranorum

671 1560 777 1570 ——---.-

564 1716 884 1785 PROLEGOMENA.

645 1892 762 1950 carru.
782 1895 801 1950 1.
1225 1941 1281 1978 m

166 1990 308 2086 Scriptura
328 2015 405 2070 Sacra
423 2033 531 2087 quanam
551 2020 584 2072 sit
603 2021 701 2074 ratione
718 2020 905 2080 temerantes?
947 2059 1210 2072 .......
1265 2020 1282 2074 2

163 2121 305 2176 Declaratio
325 2122 453 2178 Ecclesiae
471 2125 625 2198 Anglicanae
642 2165 1037 2181 ..........
1037 2138 1039 2142 ’
1074 2166 1080 2177 .
1119 2165 1123 2178 .
1161 2167 1167 2178 .
1204 2167 1209 2177 .
1264 2125 1281 2182 3

162 2229 188 2282 d.
201 2230 231 2282 Α.
244 2230 347 2284 Ernesti
367 2233 491 2285 sententia
510 2271 1209 2285 .................
1264 2231 1281 2288 3

164 2334 490 2392 Clemens'dlexaudriuus
511 2340 572 2410 quid
592 2339 813 2410 pronuntiaverit?
859 2379 1209 2390 .........
1263 2337 1280 2394 3

163 2441 276 2496 Eandem
295 2445 440 2514 opinionem
460 2446 489 2498 ab
510 2463 637 2517 anonymo
659 2446 769 2516 quodam
788 2447 911 2499 Britanno
931 2444 1054 2516 prolatam
1075 2464 1131 2500 esse
1159 2486 1165 2497 .
1202 2485 1208 2496 .
1263 2444 1280 2498 l

164 2546 346 2604 Convenientia
365 2553 431 2606 inter
447 2552 553 2606 verbum
569 2552 615 2606 liei
634 2554 660 2606 in
679 2551 734 2606 S.S.
748 2560 773 2605 et
791 2553 907 2622 spiritum
928 2551 1064 2604 humanum
1085 2551 1147 2622 qnid
1166 2551 1210 2604 de-

199 2657 342 2712 monstret?
379 2697 558 2711 .....
570 2647 576 2658 ’
596 2696 1208 2710 ...............
1262 2657 1279 2712 5

163 2761 298 2817 Gausseuii
318 2767 449 2818 concessio
467 2804 1207 2817 ..................
1262 2764 1279 2818 5

163 2867 298 2932 Quomodo
313 2871 454 2925 discernere
467 2873 597 2942 possimus
611 2874 677 2926 iuter
690 2871 799 2926 divinam
815 2871 870 2926 S.S.
884 2870 1019 2924 medullam
1033 2880 1058 2924 et
1071 2871 1207 2924 humanum

200 2974 314 3044 ejusdem
333 2977 495 3032 involucrum
509 3017 1207 3031 .................
1261 2977 1278 3032 6

638 3164 755 3222 CAPIT.
777 3165 808 3221 ll.

160 3295 299 3350 Veritatem
319 3314 500 3370 saepenumero
514 3299 555 3356 sel
574 3301 599 3354 in
612 3300 685 3356 Novo
701 3301 867 3355 Testamento
887 3300 956 3352 intus
976 3299 1054 3354 latere
1074 3307 1098 3354 et
1114 3301 1206 3354 riman-

197 3403 254 3458 dam
274 3422 330 3460 esse
378 3445 1206 3459 ....................
1260 3405 1277 3460 7

161 3509 230 3562 lllud
249 3513 275 3564 ia
294 3511 402 3566 historia
419 3515 614 3570 resurrectionis
633 3512 717 3568 valere
735 3532 787 3568 uno
809 3513 923 3584 exemplo
944 3513 1119 3568 ostenditur.
1157 3553 1162 3564 .
1200 3553 1206 3564 .
1259 3510 1278 3566 8

159 3616 347 3688 Apostolorum
365 3619 442 3674 index
459 3629 584 3692 purgatus
604 3628 631 3674 et
649 3619 783 3691 explicitus
812 3657 1205 3673 ..........
1258 3616 1277 3672 8

159 3723 272 3778 lacobus
293 3725 395 3795 quaudo
415 3726 508 3781 viderit
525 3727 668 3780 redivivum
689 3726 875 3798 Sospitatorem
897 3765 1204 3778 ........
1243 3721 1276 3780 13

160 3829 243 3882 Vetus
264 3831 457 3888 Testamentum
476 3851 495 3888 a
510 3835 632 3898 fortiori
650 3831 815 3888 Galiforniam
835 3832 960 3904 quandam
982 3831 1100 3904 appellari
1119 3849 1205 3902 posse,

196 3954 247 4006 quo
267 3954 357 3992 aurum
376 3939 420 3994 diu
440 3939 570 3995 delituerit
592 3977 1204 3994 ...............
1243 3933 1275 3990 13

630 4126 746 4184 CAPIT.
768 4123 812 4184 lll.

158 4254 196 4312 Ne
214 4257 281 4312 Novi
301 4231 404 4329 quidem
419 4259 578 4314 Testamenti
596 4267 694 4314 testum
712 4263 889 4316 intemeratum
908 4279 965 4318 esse
982 4299 1203 4314 ......
1242 4257 1275 4318 1t

157 4364 279 4419 llattlsaei
297 4363 464 4438 Evangelium
490 4368 610 4421 nonnisi
629 4368 655 4421 in
674 4371 793 4424 versione
813 4368 905 4423 Graeca
924 4369 955 4423 ad
974 4385 1023 4421 nos
1044 4367 1205 4423 descendisse
1242 4368 1275 4424 ll
