3160 5170
704 328 774 402 181

361 537 401 602 Et
422 535 506 602 furor
528 559 646 615 corum,
671 541 811 626 quoniam
836 538 893 606 iuit
915 541 1105 610 effraenatus:

361 660 539 750 Dispertiam
562 686 614 728 eos
636 667 668 728 in
690 663 814 741 Jacobo,

362 785 400 850 Et
423 786 575 876 dissipabo
600 811 651 853 eos
674 791 705 854 in
726 789 840 854 lsraelc.

179 889 336 1011 mmmssl
359 910 442 978 tota
464 924 498 978 tu
521 935 552 978 es
575 915 623 978 ille
647 936 734 1002 quem
758 914 1006 982 concelebrabunt
1028 915 1133 984 iratres
1156 923 1210 985 tui.

358 1037 467 1103 Manus
489 1051 542 1103 tua
565 1042 620 1104 erit
641 1041 673 1103 in
696 1041 806 1104 cervice
830 1040 964 1106 hostium
987 1053 1119 1108 tuorum.

302 1177 336 1234 [st
362 1161 486 1229 Catulus
508 1164 603 1228 leonis
626 1176 672 1229 est
693 1163 780 1229 Juda.

358 1288 534 1375 Apraeda‚
559 1291 599 1352 mi
620 1289 677 1366 fili,
702 1291 914 1357 conscendisti!

358 1414 496 1478 Incurrat
518 1436 565 1492 se,
589 1413 760 1502 procumbit
782 1429 818 1480 ut
839 1416 884 1481 leo
909 1430 938 1484 et
959 1417 1075 1498 leaena3

359 1538 432 1622 Quis
456 1561 522 1603 eum
545 1538 686 1604 lacessere
709 1540 839 1606 audeat?

285 1678 334 1734 [ιο]
358 1661 428 1728 Non
451 1663 572 1729 decedet
594 1679 742 1752 sceptrum
765 1665 877 1745 Judae,

356 1786 417 1853 Nec
440 1793 532 1876 scipio
557 1814 572 1856 e
595 1791 692 1856 medio
715 1792 826 1878 pedum
850 1793 923 1880 ejus,

355 1914 457 1979 Donec
480 1919 593 1980 venerit
615 1916 822 2004 tranquillitas,

356 2038 394 2104 lu
415 2052 518 2128 gentes
542 2043 568 2105 ei
591 2039 787 2140 obedientiam
809 2047 1018 2130 praestiterint.

283 2180 333 2237 [ιι]
356 2165 490 2253 Alligans
514 2169 568 2230 riti
591 2167 727 2245 asellum,

355 2289 394 2355 Et
415 2311 561 2379 generoso
583 2293 696 2379 palmiti
719 2293 811 2357 filium
835 2297 933 2359 asinae
956 2317 1042 2375 suae,

353 2413 479 2482 Lavabit
501 2420 532 2480 in
555 2421 625 2481 vino
649 2421 856 2484 vestimentum
880 2441 985 2499 suum,

353 2542 386 2605 ln
409 2564 534 2607 uvarum
559 2544 702 2636 sanguine
726 2547 864 2608 amictum
887 2566 991 2626 suum3

282 2681 331 2738 [ιι]
354 2666 456 2754 Atque
480 2668 558 2732 oculi
582 2669 645 2754 ejus
668 2668 776 2734 hilares
800 2683 887 2734 crunt
910 2693 981 2758 prae
1003 2674 1085 2751 vino,

354 2792 429 2858 Prae
450 2793 525 2858 lacte
548 2794 649 2859 dentes
674 2795 737 2880 ejus
761 2794 918 2860 albescent.

692 2917 710 3002 §
734 2919 764 2985 2.

200 3009 205 3020 Ι
281 3058 330 3116 [ιι]
357 3040 491 3110 bebulot
513 3043 551 3108 ad
574 3066 656 3109 oram
678 3048 853 3111 maritimam
875 3046 1036 3127 habitabit,

353 3169 391 3233 Et
413 3173 476 3256 ipse
499 3167 625 3234 navibus
648 3183 770 3257 portum
792 3172 960 3260 praebebit,

351 3295 525 3383 Pertingens
550 3296 705 3382 usquead
729 3297 900 3364 Tsidonem.

280 3435 329 3495 [ιι]
352 3418 476 3486 lsstttt
498 3424 554 3486 erit
576 3424 676 3486 asinus
699 3421 843 3487 robustus

351 3545 553 3611 Procumbens
576 3549 654 3612 inter
675 3546 825 3634 repagula.

280 3686 328 3744 [15]
352 3671 475 3738 Videbit
498 3676 574 3736 enim
597 3675 758 3760 requietem
781 3671 889 3736 bonam
913 3695 992 3750 esse,

302 3782 304 3784 ¹
351 3797 391 3862 Et
412 3810 519 3861 terram
543 3819 606 3862 esse
629 3819 790 3863 amoenam.

351 3922 513 3987 Humerum
536 3926 628 4011 igitur
651 3923 787 4010 subjiciet
810 3927 893 3989 oneri
915 3924 1046 4002 serendo,

351 4048 390 4114 Et
412 4051 539 4113 servitiis
564 4047 707 4114 demensis
732 4047 883 4114 obnoxius
907 4053 970 4114 erit.

690 4171 708 4256 §
733 4173 762 4239 3.

278 4313 328 4371 [ιι]
352 4298 418 4364 ttan
435 4297 583 4384 judicabit
604 4299 751 4386 populum
773 4321 876 4379 suum,

352 4424 508 4512 Tanquam
530 4428 666 4512 princeps
689 4419 767 4492 inter
788 4425 884 4494 tribus
906 4427 1030 4492 israelis.
