3166 5178
625 419 637 426 -
716 317 739 396 8

173 539 270 594 mmor
297 525 452 594 affirmavit
477 524 617 595 »Sacram
640 523 821 616 scripturam
850 530 946 597 omnia
967 527 1121 594 coactam
1142 547 1217 613 qaae
1246 525 1284 592 ad

174 649 306 720 sunem
328 655 387 718 sint
408 655 605 728 neeessariam
636 651 758 728 scilicet,
782 673 842 744 non
864 651 1092 740 unumquodque
1116 649 1283 742 Scripturas

174 776 295 846 verbum
318 789 348 842 et
367 776 511 866 syllabam
533 778 735 845 auctoritatem
751 775 875 844 divium
899 776 954 844 sthi
975 780 1144 864 inpressam
1165 776 1282 853 habere,

174 900 226 966 sed
247 903 402 968 revelatam
424 901 480 967 Dei
501 903 680 968 veluntatem
702 905 742 966 ita
764 902 809 966 lris
835 901 916 968 libris
939 903 1096 984 emanat,
1120 915 1175 970 »ut
1198 902 1283 990 quid·

174 1027 245 1116 quid
271 1030 302 1094 in
329 1051 363 1094 ea
390 1051 444 1096 nse
471 1029 586 1116 legatur
613 1049 707 1116 nuqua
734 1027 800 1097 inde
829 1026 949 1113 probari
976 1030 1083 1113 possit,
1111 1050 1173 1092 nen
1200 1031 1238 1092 sit
1267 1050 1284 1090 a

173 1173 320 1242 quoquam
349 1153 538 1240 exigendum,
568 1165 609 1218 ut
629 1165 768 1241 unquam
802 1152 940 1244 articulus
966 1151 1034 1221 fidei
1066 1152 1201 1222 credatur
1233 1165 1285 1227 aut

174 1277 212 1344 ad
240 1279 341 1344 salutis
363 1281 693 1366 necessitatemrequiri
720 1289 869 1364 putetur«
912 1277 946 1342 ln
968 1277 1087 1345 candem
1113 1282 1283 1346 sententiam

72 1371 74 1378 ,
174 1407 317 1471 manescit
343 1403 470 1471 loannes
492 1403 648 1492 Augustus
679 1403 810 1480 Ernesti,
841 1407 886 1469 vir
917 1402 1135 1481 celeberrimus,
1154 1408 1214 1492 ¹qen
1247 1404 1285 1472 ad

175 1528 336 1616 theologiae
358 1528 473 1596 laudem
495 1529 636 1616 politioris
658 1527 845 1600 humanitatis
868 1527 957 1594 decus
983 1527 1101 1614 adjecit3
1131 1532 1172 1594 ait
1194 1533 1283 1601 enim:

174 1655 391 1720 »testimonium
413 1666 510 1720 eutem
532 1653 604 1720 illud
624 1649 754 1738 Spiritus
777 1650 892 1730 Sancti,
916 1675 976 1720 non
997 1653 1181 1738 intelligimus
1205 1653 1285 1741 quod

174 1781 212 1844 sit
233 1781 265 1845 iu
287 1780 393 1860 emim,
417 1778 469 1846 sed
494 1782 525 1846 in
547 1779 645 1861 retes,
667 1799 728 1842 non
747 1777 876 1847 dicentia
897 1777 987 1842 libros
1009 1777 1065 1842 hos
1086 1800 1149 1842 esse
1172 1778 1284 1844 divinae

175 1904 293 1990 originis
316 1916 346 1968 et
368 1906 562 1980 anamnesis,
586 1901 637 1968 sed
656 1903 772 1988 epactes
794 1902 824 1966 iu
846 1901 997 1971 hominum
1018 1906 1135 1980 animis,
1159 1925 1212 1990 per
1234 1925 1283 1970 eos

174 2027 264 2094 libros
293 2029 383 2094 laetos
409 2030 455 2093 rel
484 2027 613 2104 auditos,
644 2040 673 2092 et
702 2049 751 2093 eos
781 2049 882 2092 sensus
910 2041 1065 2115 monesque
1091 2031 1205 2105 cientis,
1235 2032 1284 2117 qui

174 2153 353 2220 divinitatem
375 2176 491 2230 eorum,
515 2176 589 2241 quae
611 2153 732 2238 legerint
752 2152 798 2216 vel
819 2152 977 2230 audierint,
1000 2156 1042 2218 ita
1064 2153 1213 2221 manifeste
1236 2175 1283 2222 ar·

174 2290 279 2366 grant,
302 2290 338 2345 ut
360 2277 547 2347 dubitationis
576 2278 647 2344 nihil
668 2279 863 2367 relinquatur,
887 2280 981 2365 sitque
1007 2276 1192 2345 manifestum
1221 2299 1284 2352 eam

175 2407 232 2470 vim
248 2425 310 2468 esse
330 2403 457 2469 humana
476 2404 616 2488 majorem
637 2415 667 2468 et
680 2402 744 2472 Dee
756 2405 815 2489 -ipsi
828 2401 1032 2472 numnam«
1049 2398 1169 2488 (Opust.
1179 2403 1282 2468 Theol.

176 2551 207 2615 p.
222 2523 308 2610 610).
325 2527 437 2614 ¹Ipsum
453 2525 560 2592 Sacrae
575 2525 745 2613 Scripturas
763 2548 902 2594 canonem
923 2529 954 2592 iu
976 2548 1011 2590 eo
1033 2530 1188 2591 consistere
1204 2527 1285 2614 quod

175 2653 350 2740 religiosum
373 2652 552 2722 diversorum
575 2652 716 2719 libranum
751 2664 952 2738 argnmcnuam
982 2673 1073 2719 anum
1100 2654 1139 2716 sit
1168 2663 1196 2716 et
1224 2655 1283 2716 sin·

174 2779 292 2865 pclare,
314 2777 394 2866 quad
420 2799 472 2864 per
493 2789 589 2842 totum
611 2775 779 2864 Scripturas
801 2799 908 2864 corpus
931 2788 1087 2840 concentus
1110 2775 1227 2864 quidam
1255 2791 1285 2846 et

175 2904 325 2971 harmonia
356 2902 468 2989 ubique
498 2914 649 2989 appareat,
678 2902 708 2966 id
731 2901 906 2990 jampridem
939 2914 1063 2968 testatas
1092 2913 1137 2966 est
1163 2902 1284 2970 Petrum

174 3029 261 3118 lenge
289 3027 488 3104 doctissimus,
519 3026 650 3092 Clemens
675 3027 902 3096 Alexandrinus.
953 3025 1029 3102 Nam
1056 3039 1211 3116 postquam
1228 3021 1283 3094 'in-

170 3156 290 3239 jecisset
313 3149 438 3235 (seam.
455 3150 512 3229 Vl,
533 3175 562 3238 p,
585 3151 649 3220 803
663 3148 795 3234 -Potteni
819 3155 1030 3239 scripturarum
1058 3153 1169 3240 stylum
1197 3175 1283 3239 para·

174 3279 302 3346 holitum
331 3301 408 3355 esse,
438 3289 468 3342 et
494 3275 621 3344 divinam
648 3279 678 3340 in
704 3277 750 3342 his
779 3276 858 3342 libris
886 3281 1036 3345 veritatem
1063 3278 1284 3344 translationum

174 3406 258 3492 quasi
284 3404 440 3471 innotueris
468 3405 541 3489 tegi,
570 3400 651 3466 addit
676 3401 738 3466 ille:
766 3401 837 3472 »sed
859 3403 977 3482 ommia,
1004 3404 1098 3490 inquit
1121 3399 1283 3488 Scriptura,

173 3539 258 3594 recta
284 3531 355 3594 aaut
376 3525 493 3592 coram*
507 3527 547 3592 a‘a's
568 3527 622 3614 psci
647 3526 820 3612 intellipact
842 3524 945 3610 (Pron.
960 3524 1041 3604 VIII,
1065 3521 1120 3607 9),
1143 3526 1200 3590 hoc
1213 3573 1215 3578 -
1229 3538 1282 3603 est,

175 3653 310 3721 omuibus
333 3656 383 3740 qui
405 3650 442 3715 ab
464 3653 528 3737 ipso
553 3621 707 3732 [Domino]
731 3650 904 3718 declaratam
926 3633 1143 3738 Seripueanm
1166 3653 1283 3738 exposi-

175 3781 283 3844 tionem
313 3799 351 3842 ex
381 3775 582 3843 ecclesiastica
603 3775 710 3862 repeda
738 3779 909 3862 accipientes
937 3789 1117 3842 conservant.
1163 3776 1285 3863 Raparia

175 3913 272 3968 autem
296 3900 497 3970 ecclesiastiea
519 3913 563 3966 est
588 3913 747 3968 concentus
776 3913 805 3964 et
828 3904 978 3968 consensio
1006 3902 1135 3990 legisque
1157 3913 1186 3964 et
1212 3919 1282 3987 pro·

174 4116 235 4192 ῑερὰ
246 4119 393 4194 γράμματα
411 4116 442 4174 rai
454 4119 589 4191 δυνάμενά
600 4137 627 4174 os
640 4123 753 4190 σοφίσαι,
772 4120 838 4190 qued
855 4121 927 4176 utam
945 4119 1142 4190 praedicationem
1154 4119 1285 4190 ὠφέλιμος

174 4215 241 4292 πρός
258 4217 432 4275 διδασκαλίαν
448 4224 612 4288 praeoccupat.
642 4217 683 4272 Ad
701 4218 843 4288 positionem
862 4213 976 4272 uetante
989 4216 1150 4288 praedicatum
1162 4215 1228 4285 quod
1246 4224 1282 4268 at

175 4315 248 4380 ame,
266 4316 324 4370 saus
342 4315 467 4370 asciare
484 4315 586 4370 Arane.
604 4313 923 4384 Eat.Ntc.1,10§.10:
941 4315 1034 4370 τούτων
1052 4315 1080 4368 c·
1099 4315 1185 4368 eaeor
1202 4315 1231 4370 et
1248 4333 1283 4368 e-

174 4411 299 4483 pure'ausus
317 4414 371 4466 sal
386 4413 573 4485 permulserat.

1021 4431 1076 4537 v.
