3172 5186
854 137 871 170 Ν

624 335 834 452 Δρῦ-

170 497 202 636 p.
220 541 292 627 lldle
315 542 512 634 »Opinionem
527 558 618 624 tuam,
641 549 681 612 mi
698 545 826 626 Corneli,
852 545 887 612 de
903 541 970 635 ipso
988 548 1135 636 originale
1152 550 1181 612 iu
1198 548 1284 614 nobis

172 674 246 738 vitio
270 670 424 759 diligenter
451 671 659 760 perlustrando
684 694 723 738 ex
749 685 816 737 toto
842 673 1083 737 examinavimus.
1129 672 1218 739 Forte
1246 695 1285 740 ex

170 795 259 862 nobis
293 796 405 885 aliquid
436 810 588 885 exspectas
613 796 726 885 judicii.
771 797 831 864 Res
866 798 937 862 haec
965 801 1136 864 immensum
1166 798 1284 887 pondus

171 922 270 988 habet.
316 921 371 987 Est
393 922 528 1010 equidem
555 925 632 988 inter
654 923 811 1012 theologos
840 922 976 990 abstruse
1004 927 1060 989 ista
1088 924 1285 990 consideratio

171 1071 232 1114 non
262 1051 395 1126 minima,
419 1051 538 1138 ingenio
561 1051 613 1114 vix
640 1050 806 1116 morulium
835 1048 1032 1115 adamussim
1055 1049 1284 1136 perscrutabilis.

171 1172 226 1239 Est
248 1187 375 1242 attamen
403 1174 666 1263 theologizantiurn
693 1197 825 1241 consona
848 1177 977 1240 omnium
1008 1180 1165 1254 sententia3
1194 1179 1286 1266 origi·

171 1299 266 1365 nalem
295 1300 436 1366 maculam
464 1300 523 1365 illie
545 1321 609 1366 esse
632 1321 692 1366 non
721 1323 827 1390 posse,
850 1299 903 1367 nbi
927 1300 1079 1368 rationalis
1107 1303 1203 1368 anima
1224 1323 1285 1367 non

171 1437 225 1492 est.
273 1421 334 1490 Sed
355 1423 414 1491 hoe
436 1427 533 1491 satie«

261 1548 318 1617 Cui
344 1551 385 1616 sic
407 1549 567 1639 respondet
591 1548 746 1617 Cornelius
770 1547 882 1638 (Epist.
898 1549 985 1628 xlx,
1007 1574 1037 1639 p.
1051 1548 1128 1635 62):
1158 1552 1230 1618 »Ais
1253 1556 1284 1620 in

170 1675 295 1764 epistola
317 1689 370 1741 tua
392 1697 574 1742 communem
591 1675 815 1764 Theologorum
838 1680 1009 1742 sententiam
1033 1699 1097 1742 esse
1114 1679 1284 1766 originalem

170 1801 313 1866 maculam
343 1801 402 1866 illic
429 1823 493 1868 esse
521 1823 582 1867 non
615 1821 719 1889 posse,
754 1800 806 1866 ubi
835 1803 931 1866 anima
958 1801 1110 1868 rationalis
1139 1823 1200 1869 nou
1229 1816 1283 1870 est.

171 1926 273 1992 Teneo
296 1925 373 1992 hanc
395 1929 581 1992 seutentiam:
604 1926 657 1992 sed
680 1949 745 1992 cum
769 1927 910 2014 originale
932 1941 1083 2016 peccatum
1105 1929 1163 1993 tale
1186 1927 1283 2006 suerit,

171 2051 254 2140 qnod
275 2063 372 2116 totum
395 2052 552 2131 hominem,
570 2052 704 2119 videlicet
726 2075 763 2118 ex
783 2055 878 2122 auium
895 2050 1003 2131 divina,
1028 2056 1135 2142 spiritu
1156 2055 1283 2132 coelesti,

171 2198 354 2265 corporeque
369 2178 528 2244 elementali
544 2181 747 2256 constitutum,
770 2191 877 2255 totum,
902 2183 1030 2266 inquam,
1053 2180 1140 2244 simul
1155 2202 1189 2245 ac
1203 2202 1285 2246 seor·

171 2305 236 2380 sim,
259 2306 290 2367 in
314 2314 378 2368 toto
402 2325 436 2368 ac
458 2304 581 2392 singulis
605 2303 739 2392 partibus
762 2307 835 2382 suis,
859 2327 876 2368 a
898 2307 1022 2392 pristina
1038 2303 1191 2371 nobilitate
1207 2304 1285 2392 deje-

172 2431 252 2506 cerit,
266 2426 388 2494 dicerem
403 2429 542 2516 originale
555 2442 704 2516 peecatum
720 2429 776 2494 tale
792 2429 930 2517 quiddam
947 2429 1047 2506 luisse,
1060 2431 1090 2494 in
1107 2451 1166 2517 quo
1183 2451 1284 2495 omnes

171 2565 201 2620 et
222 2553 354 2642 singulae
376 2554 505 2619 hominis
527 2559 686 2642 potentiae,
710 2568 768 2620 tem
791 2555 949 2621 rationales
972 2577 1059 2644 quarn
1084 2555 1232 2620 sensuales
1257 2567 1286 2620 et

172 2682 353 2768 vegetativae
376 2691 405 2744 et
420 2701 588 2766 corporeae,
613 2681 699 2746 simul
723 2703 740 2744 a
762 2681 825 2768 lege
841 2680 909 2745 data
925 2680 1089 2747 deficientes
1112 2679 1285 2770 hujusmodi

171 2807 201 2869 in
224 2818 291 2870 actu
315 2824 416 2869 revera
431 2817 652 2871 concurrerunt.
682 2805 756 2870 Esto
777 2808 878 2894 itaque
900 2819 1050 2894 peccatum
1075 2806 1216 2894 originale
1239 2829 1286 2872 se·

172 2930 238 2995 dem
260 2929 397 2994 habuerit
418 2932 448 2994 iu
471 2933 603 3018 potentia
626 2930 779 3008 rationali,
808 2953 883 3018 quae
906 2929 1041 2997 sensibus
1071 2934 1208 3019 carnique
1237 2953 1285 2997 ac·

172 3059 334 3144 quiescens,
351 3057 499 3120 consensit
521 3058 550 3119 in
574 3055 704 3142 culpam3
729 3060 865 3143 oportuit
885 3069 980 3122 tamen
1004 3078 1180 3122 eonsensum
1202 3056 1284 3122 illum

171 3183 213 3246 sic
232 3181 293 3265 jam
317 3179 523 3267 depravatum,
548 3183 633 3245 etiam
658 3180 815 3246 deductum
845 3180 934 3250 luisse
961 3185 990 3247 iu
1019 3196 1115 3248 actum
1140 3185 1284 3270 corporis.

170 3303 236 3370 Erit
258 3307 357 3392 itaque
380 3305 521 3393 originale
543 3318 693 3391 peccatum
717 3305 836 3371 effeetus
859 3310 921 3372 sive
944 3322 1027 3374 actus
1051 3308 1156 3395 aliquis
1181 3307 1285 3395 depra-

171 3443 256 3496 vatae
271 3433 394 3495 rationis
418 3451 469 3496 seu
486 3429 657 3507 voluntatis,
676 3430 727 3496 sed
744 3429 887 3495 deductus
905 3434 935 3495 in
952 3435 1086 3518 eorporis
1103 3435 1284 3509 exercitium,

171 3555 223 3622 ubi
247 3568 328 3621 actus
351 3556 398 3620 ille
416 3557 479 3642 jam
502 3578 589 3621 verua
612 3555 709 3634 suerit,
733 3579 793 3621 non
816 3556 979 3635 simulatus,
1004 3579 1065 3621 non
1090 3555 1286 3645 cogitatieius,

171 3705 232 3748 non
261 3683 460 3770 imaginarius.
494 3680 566 3746 Tale
588 3695 739 3769 peceatum
768 3682 880 3746 nullum
904 3681 984 3746 aliud
1011 3685 1145 3758 invenio,
1169 3694 1286 3769 praeter

172 3819 324 3896 peccatum
348 3809 451 3883 carnis,
476 3805 588 3872 dicente
612 3808 748 3895 apostolo
763 3807 867 3884 Paulo,
893 3829 981 3871 omne
997 3818 1170 3893 peccatius,
1188 3808 1285 3896 quod-

98 3961 103 3970 ·
173 3955 291 4021 usuque
305 3930 421 4021 fecerit
440 3931 546 4014 domo,
571 3941 659 3998 ectro
681 3953 792 4020 corpus
820 3942 878 3997 est:
908 3932 961 4020 qui
984 3942 1085 3997 cutem
1105 3931 1288 4021 fornicatur

173 4059 266 4124 etiam
291 4059 325 4122 io
348 4078 460 4144 corpus
486 4079 575 4122 mum
597 4067 716 4143 peccet.
764 4055 824 4122 Sed
847 4057 923 4122 dicet
947 4058 1067 4145 aliquis,
1098 4056 1208 4135 Etiam,
1234 4060 1284 4145 qui

172 4185 353 4271 concupierit
376 4183 524 4248 mulierem
549 4183 612 4270 jam
636 4181 796 4248 fornicatus
820 4195 865 4248 est
887 4182 979 4247 illam:
1004 4182 1085 4261 dico,
1109 4182 1284 4247 Fornicatus

172 4319 217 4374 est
238 4308 316 4372 illam
339 4311 370 4373 in
392 4311 489 4374 animo
513 4331 586 4374 suo:
616 4322 795 4374 tamennon
819 4321 864 4373 est
886 4293 912 4372 is
937 4307 1055 4376 effectus
1077 4310 1285 4395 concupiscen-

171 4437 230 4500 tiae
253 4436 283 4498 in
306 4437 420 4501 radone
436 4448 464 4502 et
487 4435 622 4522 imaginis
643 4437 674 4500 in
696 4433 862 4522 phantasia,
879 4435 973 4522 qualis
996 4435 1038 4498 rei
1062 4437 1138 4499 inest
1160 4425 1287 4498 realiten

1019 4553 1054 4610 24
