3172 5186
825 345 902 423 378

312 555 378 622 dem
398 577 469 645 prae
492 555 639 622 scierant
662 556 786 624 radicem
809 579 914 642 pop,
939 579 1013 646 quae
1035 559 1159 623 recurrit
1182 559 1266 623 etiam
1291 559 1321 621 in
1345 553 1421 622 San·

311 685 391 748 serit.
405 680 495 748 mccb
509 682 555 747 vel
569 681 658 748 meet
673 681 809 758 alerirct,
832 682 1014 759 abscideret,
1037 681 1190 748 ‘laederes
1207 679 1317 770 (Ropp,
1330 679 1421 748 Glos-

309 829 371 873 aar.
387 829 438 895 pp.
454 804 534 885 260,
558 804 658 890 268).
680 805 880 896 Aegle-Sar.
896 810 992 890 mccc,
1015 808 1083 874 Vet.
1102 806 1174 874 Sax.
1189 807 1289 890 mdlcs',
1312 806 1419 872 leland.

309 931 442 1015 macida,
464 932 617 1022 agladius·
642 929 782 1014 (Grimm,
801 932 946 1000 Doceat.
960 931 1098 1000 Gramen.
1109 931 1147 1006 ll,
1166 931 1240 998 511.
1262 931 1314 1008 lll,
1330 927 1419 1012 140),

309 1060 407 1145 ipsum
434 1057 508 1124 illud
531 1055 707 1124 vocabulum
729 1053 875 1143 μάχαιρα
898 1057 1014 1123 obviam
1037 1061 1118 1124 veuit
1143 1061 1174 1122 in
1195 1056 1298 1123 lacobi
1329 1059 1421 1122 cauti·

309 1183 384 1260 lena,
408 1205 496 1272 pam
518 1183 647 1250 loannes
664 1181 698 1250 C.
715 1182 867 1250 Friedrich
886 1181 1014 1250 Nathani
1037 1183 1200 1270 prophetae
1222 1181 1367 1260 attribuit,
1392 1194 1421 1246 et

195 1351 200 1362 ·
243 1397 249 1410 .
308 1310 387 1374 inter
400 1307 523 1375 Davidis
547 1309 685 1374 satellites
709 1321 767 1386 est,
792 1311 843 1396 qui
866 1308 1030 1396 appellatur
1046 1313 1213 1386 unumst,
1237 1311 1256 1373 ἱ·
1273 1331 1298 1374 θ·
1321 1303 1421 1392 llim·

309 1430 522 1522 χαιροφόρος,
544 1434 716 1521 plebutea,
740 1434 786 1498 vel
810 1435 860 1523 qui
884 1454 915 1499 sc
937 1435 1051 1521 potuit,
1080 1446 1115 1498 ut
1135 1432 1344 1499 Antemenidas
1372 1433 1420 1498 illo

310 1553 414 1646 (supra
429 1555 546 1648 ptos)
561 1555 711 1645 μαχᾶταν
725 1551 894 1645 βασιλήϊον
911 1580 1082 1647 nuncupare
1099 1555 1129 1640 (l
1139 1557 1339 1646 Paralile,
1353 1553 1419 1638 36).

311 1682 410 1769 Quum
438 1688 468 1750 iu
496 1684 563 1749 loco
587 1683 726 1772 parallelo
751 1683 771 1750 2
797 1681 881 1750 Sam.
897 1681 1007 1759 xxm,
1033 1681 1076 1750 34
1104 1682 1249 1749 scribatur
1270 1657 1421 1755 tubulus

309 1814 520 1910 *navum-t:
534 1813 721 1912 *nonaum
735 1811 924 1874 recentissimi
942 1809 1069 1875 editores
1081 1797 1215 1874 Tbenius
1230 1821 1260 1876 et
1273 1807 1422 1875 Bertbeau

309 1934 358 2000 bie
377 1955 498 2023 quoque
520 1933 729 2000 infarciendam
751 1947 871 2000 oensem
890 1932 973 1999 istud
994 1939 1161 2010 imiimi.
1185 1935 1294 1999 scilicet
1315 1932 1421 1998 intelli·

309 2073 410 2149 gentes
434 2059 582 2125 bominem
604 2059 811 2148 quendamcx
834 2058 939 2148 Syriae
960 2071 1056 2124 tractu
1080 2064 1201 2164 ἷᾪξῦ
1248 2057 1308 2124 Sed
1336 2057 1419 2136 illut,

218 2199 221 2204 '
308 2197 345 2250 ut
366 2183 437 2250 mihi
454 2184 570 2273 quidem
586 2185 712 2262 videtur,
734 2185 809 2250 nihil
831 2183 912 2250 aliud
934 2196 987 2262 est,
1005 2206 1092 2272 quam
1114 2155 1218 2249 sebum
1240 2183 1339 2248 locum
1355 2205 1422 2248 cer

309 2312 480 2398 ruptissima
501 2309 624 2376 lectione
644 2313 807 2399 inquinare·
836 2309 876 2374 llt
889 2331 981 2398 quum
1003 2331 1110 2376 nomen
1126 2315 1236 2415 ,ᾞνυ
1251 2310 1421 2396 saepissime

310 2433 550 2514 obviamreniat,
568 2437 620 2500 vix
643 2435 704 2501 li‘eri
727 2438 837 2524 potuit,
860 2447 896 2500 ut
918 2433 1014 2500 scriba
1036 2448 1170 2500 nostrum
1193 2405 1347 2539 braym]
1366 2455 1422 2520 per

309 2563 449 2626 incuriam
479 2560 632 2626 sufficeret.
678 2559 710 2627 Si
739 2574 836 2626 autem
865 2581 970 2626 nomen
996 2565 1108 2665 ιᾞξᾨ
1127 2561 1266 2647 plodieors
1289 2529 1419 2636 denotat,

309 2683 392 2752 laoile
415 2698 459 2752 est
473 2689 647 2774 perspicere,
664 2707 754 2775 quare
769 2691 847 2758 ἛΓ)
862 2687 968 2774 aliquis
990 2686 1042 2751 tali
1060 2655 1255 2774 appellatione
1269 2683 1420 2773 gauderet.

309 2809 384 2878 Nam
406 2810 491 2877 radix
515 2817 592 2918 Ὣῃ
615 2811 760 2900 significet
774 2781 871 2900 fodit,
895 2811 1030 2896 caraci&
1054 2832 1124 2899 ergo
1148 2813 1224 2915 ᾝΠ
1247 2821 1295 2874 est
1314 2806 1422 2897 corso·

311 2935 412 3020 dicas,
435 2935 609 3026 confossor,
633 2939 653 3002 i.
670 2959 695 3002 e.
712 2934 964 3023 μαχαιροφόρος.
1005 2935 1105 3002 Talem
1128 2935 1359 3022 designationem
1383 2931 1422 2998 ad

231 3036 233 3042 ¹
310 3062 458 3140 satellites,
475 3063 633 3139 carnifices,
654 3062 788 3149 aliosque
808 3030 913 3127 milites
936 3063 1139 3149 praetorianos
1161 3063 1307 3148 pertinere
1321 3080 1420 3148 posse,

310 3189 382 3252 satis
399 3185 529 3252 ostendit
544 3185 720 3252 vccabulum
735 3188 824 3290 Πξᾯ
841 3183 1092 3268 (Genxxxvlt,
1106 3181 1160 3268 36)
1176 3209 1193 3251 a
1210 3183 1306 3250 radice
1321 3185 1420 3289 Πὲφ,

309 3311 471 3396 mamb,
493 3313 664 3378 tmcidooit.
704 3311 782 3396 Quid
806 3311 886 3400 quod
909 3310 994 3377 radix
1018 3316 1100 3388 'titt
1124 3316 1188 3415 il?
1207 3311 1253 3376 rel
1276 3315 1341 3386 'tta
1362 3310 1423 3376 buc

311 3457 431 3526 quoque
460 3435 641 3504 referendum
672 3436 739 3502 esti
774 3435 848 3502 Nam
926 3441 995 3508 int
1023 3438 1191 3524 saepissime
1218 3437 1335 3502 transit.
1378 3434 1422 3500 At

310 3565 458 3629 enimvero
482 3575 566 3640 sunt,
591 3562 699 3650 quibam
722 3562 865 3650 placuerit
885 3561 959 3628 illud
982 3567 1072 3667 Ἢ)
1089 3558 1285 3648 (arrepti,
1306 3558 1343 3636 t,
1365 3556 1419 3642 19)

310 3688 356 3754 rcl
379 3692 499 3761 ἱηὉη
514 3685 719 3768 (esamxx.
736 3685 792 3770 23)
816 3687 854 3753 ad
876 3693 944 3762 'tin
967 3688 1012 3753 rel
1034 3692 1113 3792 m?
1135 3684 1252 3762 referre,
1275 3706 1353 3773 quos
1374 3697 1421 3750 ta·

310 3833 376 3878 men
399 3783 510 3897 Caras,
535 3813 746 3902 (lectorumque
768 3812 859 3879 fnisse
887 3813 958 3878 mihi
981 3815 1172 3878 certissimum
1202 3822 1257 3876 est.
1295 3808 1422 3876 Constat

310 3941 386 4004 enim
409 3939 464 4004 bas
487 3941 620 4005 nationes
642 3937 680 4003 ab
696 3940 905 4028 antiquissimis
922 3956 1017 4025 usque
1031 3935 1214 4025 temporibus
1234 3936 1420 4002 lenocinium

310 4065 476 4130 exercuisse
490 4067 660 4152 passimque
675 4062 805 4129 mercede
820 4060 983 4128 conductos
1003 4063 1151 4128 militasse.
1174 4062 1218 4127 lta
1234 4065 1264 4127 in
1278 4061 1421 4152 Aegypto

311 4188 535 4256 Psammiticbus
552 4186 643 4255 Caras
667 4187 773 4255 habuit
795 4188 932 4255 satellites
956 4186 1120 4268 (Herodll,
1135 4185 1222 4269 152).
1248 4187 1292 4252 lta
1313 4189 1344 4251 in
1360 4184 1422 4274 Cy-

311 4335 367 4402 pro
397 4327 432 4380 ut
457 4337 549 4402 supra
570 4317 673 4382 monui
697 4312 746 4402 (p.
763 4311 857 4396 196),
882 4311 1019 4380 Onesilus
1041 4312 1133 4378 fidum
1163 4311 1271 4378 habuit
1291 4312 1422 4401 pedisec-

311 4459 403 4527 quum
424 4463 463 4506 cx
487 4438 574 4508 Caria
596 4439 756 4506 oriundum
778 4441 830 4528 qui
853 4437 1002 4526 δρεπάνῳ
1025 4451 1155 4504 armatus
1178 4441 1312 4504 cxbuiarn
1335 4459 1423 4526 praee

313 4561 463 4628 stabatin
485 4565 598 4650 proelio
622 4587 741 4652 operam
765 4563 888 4644 (Herod.
897 4564 934 4640 V,
950 4563 1021 4640 111,
1037 4561 1123 4646 tlt).
1148 4565 1314 4647 Quinetiam
1331 4562 1421 4630 Cares
