3164 5176
752 338 964 452 AQ-

297 561 390 661 ΕὛἾΕ
412 577 465 644 per
489 577 520 620 se
544 557 677 642 quemvis
706 562 889 642 grassantem
917 553 1059 639 impetmn
1084 549 1228 640 designet.
1274 547 1423 639 Equidem

298 683 336 747 ad
357 684 488 769 priorem
511 683 686 746 sententiam
709 699 776 742 sum
798 680 932 783 pronior,
957 681 1012 742 etsi
1035 680 1096 741 seio
1120 699 1229 742 nomen
1251 680 1360 782 ΒἾΤΕ,
1387 677 1423 741 de

298 810 403 895 quavis
427 808 508 869 venti
532 805 670 869 violentia
692 802 856 891 praedicari
879 823 978 890 posse,
1003 805 1065 867 sive
1081 805 1106 866 is
1122 814 1229 866 ventus
1246 801 1283 865 ab
1301 801 1423 868 Oriente

298 935 361 996 sive
384 928 501 995 aliunde
526 929 692 994 descendat.
731 928 868 1014 Exempli
890 931 995 1016 gratia,
1018 931 1050 992 in
1073 939 1180 1015 quarto
1205 927 1317 992 decimo
1343 931 1422 1016 capi·

297 1057 362 1122 tulo
392 1055 493 1120 Exodi
521 1050 562 1137 (v.
580 1051 635 1136 21)
666 1056 790 1142 legimus
819 1051 964 1118 Jehovam
996 1074 1050 1140 per
1078 1065 1173 1117 totam
1200 1065 1317 1118 noctem
1345 1052 1423 1140 Ery·

297 1183 434 1248 thraeum
456 1202 535 1245 mare
557 1183 732 1266 repressisse
756 1184 850 1282 Dl'ffi
871 1180 984 1284 Em·
1014 1177 1081 1256 ubi,
1110 1191 1259 1265 utsupra
1282 1177 1421 1255 vidimus,

299 1320 405 1374 ventus
430 1305 587 1372 Orientalis
610 1304 733 1394 intelligi
756 1326 819 1368 non
839 1316 949 1391 potest,
974 1307 1084 1391 quippe
1108 1307 1161 1390 qui
1184 1325 1275 1391 aquas
1291 1305 1422 1369 inlittus

299 1434 474 1522 impulisset,
498 1434 615 1496 minime
638 1451 709 1495 vero
734 1428 770 1493 ab
794 1450 830 1492 eo
855 1427 1025 1516 depulisset.
1060 1427 1110 1492 Ad
1126 1428 1270 1515 pluralem
1285 1434 1423 1535 Dllbl'lff

301 1558 336 1622 de
365 1570 455 1622 vento
484 1554 686 1644 praedicatum
715 1553 798 1642 quod
827 1555 947 1631 attinet,
977 1575 1146 1642 comparare
1175 1576 1337 1640 possumus
1360 1554 1422 1620 Jes.

298 1683 398 1762 XXV,
415 1682 451 1747 d:
481 1687 613 1785 Πᾛῆξ
637 1685 715 1770 illd,
732 1677 833 1769 flatos
847 1682 1057 1746 violentorum.
1090 1680 1130 1746 Et
1148 1683 1173 1743 si
1188 1680 1310 1768 pluralis
1327 1703 1424 1768 appo-

300 1812 368 1873 sitio
403 1814 541 1914 ntptffp
578 1829 595 1871 a
623 1805 777 1894 cujusdam
807 1809 888 1870 venti
921 1809 1034 1895 impetu
1062 1805 1100 1870 ad
1128 1805 1289 1893 quamlibet
1316 1818 1424 1872 vento·

299 1957 367 2000 rum
400 1933 570 1997 violentiam
603 1930 823 2018 exprimendam
856 1931 1009 1997 transferri
1042 1934 1156 2020 potuit,
1193 1931 1266 2019 quid
1299 1931 1426 2018 impedit

300 2061 460 2147 quominus
490 2057 529 2120 ad
558 2056 664 2120 effusas
692 2061 833 2122 torrentis
863 2056 959 2122 undas
988 2055 1193 2122 describendas
1222 2055 1426 2122 adhibeatur?

300 2184 396 2273 Ergo,
427 2185 489 2248 sive
512 2204 638 2269 repones
661 2187 825 2288 nip'tpza
847 2185 989 2271 singulari
1011 2187 1120 2288 ΠὛἹΕ,
1150 2204 1203 2247 seu
1232 2186 1263 2247 in
1285 2187 1424 2289 nim'tp:

301 2311 498 2397 acquieveris,
529 2311 673 2374 sententia
702 2311 834 2395 poetriae
863 2309 966 2374 eodem
994 2308 1116 2376 redibit:
1148 2330 1252 2397 nempe
1284 2308 1425 2396 depinget

301 2434 386 2502 fluvii
410 2437 590 2524 erumpentis
615 2434 800 2500 violentiam:
824 2455 917 2522 quum

624 2631 670 2646 ...
686 2600 794 2647 torrens
809 2588 890 2648 undis
905 2590 1073 2666 pluvialibus
1088 2601 1194 2663 auctus,

516 2698 575 2755 Aut
590 2699 653 2754 nive
670 2715 739 2773 quae
755 2698 878 2774 zephyro
894 2699 968 2755 victa
981 2710 1094 2776 repente
1109 2699 1179 2772 fluit,

357 2875 361 2884 Ι
462 2805 515 2864 Per
529 2815 597 2874 sata,
612 2823 716 2880 perque
731 2807 791 2861 vias
806 2803 902 2877 femur,
917 2824 977 2878 nec,
992 2817 1024 2864 ut
1040 2817 1102 2864 ante
1119 2806 1234 2878 solebat,

514 2913 649 2988 Riparum
666 2912 771 2972 clausas
786 2916 910 2990 margine
925 2914 987 2974 finit
1002 2933 1095 2991 aquas.

300 3060 403 3150 Neque
432 3059 640 3149 negligendum
668 3075 727 3139 est,
758 3063 1014 3152 quodetosepnus
1045 3063 1081 3128 de
1104 3074 1193 3127 vento
1222 3065 1254 3126 in
1281 3061 1425 3128 adversos

303 3185 515 3255 Canauitarum
529 3187 630 3251 vultus
653 3186 785 3274 pluviam
808 3202 911 3276 agente
934 3193 966 3254 in
988 3190 1054 3254 loco
1079 3191 1274 3276 supracitato
1290 3187 1424 3254 tradidit.

300 3315 345 3379 lta
362 3312 476 3398 Quisbo
494 3313 540 3377 vel
556 3326 686 3379 »torrens
703 3314 897 3380 adversorum
912 3315 1103 3394 ventorum,“
1119 3316 1165 3380 vel
1182 3328 1312 3381 »torrens
1328 3315 1426 3380 hosti·

301 3442 368 3506 liter
391 3443 657 3505 antevertendum«
682 3435 762 3520 (vide
777 3440 827 3506 Ps.
845 3439 957 3519 XVIll,
976 3437 1029 3524 19)
1055 3439 1260 3529 appellabitur,
1285 3454 1323 3518 et,
1348 3462 1425 3529 quo-

302 3568 512 3654 modocunque
536 3577 734 3653 nuncupatus,
758 3565 869 3631 serreos
887 3565 986 3632 Sisrae
1010 3589 1114 3632 currus
1137 3569 1179 3631 ita
1195 3566 1365 3644 retardavit,
1389 3579 1427 3632 ut

303 3693 368 3758 dux
390 3696 453 3779 ipse
469 3691 605 3756 vehiculo
632 3690 806 3756 descendere
829 3691 999 3780 etpedibus
1014 3692 1117 3781 sugere
1133 3704 1252 3757 coactus
1268 3696 1316 3756 sit.
1345 3691 1427 3756 Ean-

304 3817 369 3882 dem
392 3815 509 3882 leosta'le's
530 3817 666 3900 iny'acdae
681 3837 748 3880 eum
764 3815 975 3903 prohibitione
991 3819 1164 3905 conjunctae
1180 3817 1426 3906 significationem

302 3946 334 4007 in
358 3939 470 4007 Graeco
500 3938 633 4023 βλάπτω
662 3945 821 4021 contineri,
851 3942 921 4007 alibi
949 3943 1148 4008 demonstravi
1172 3939 1261 4026 (New
1284 3941 1426 4030 Cratylus

304 4063 427 4151 5454).
464 4064 540 4144 Sed,
565 4079 599 4131 ut
620 4066 737 4132 redeam
760 4068 798 4132 ad
820 4091 939 4134 versum
961 4069 1163 4146 undecimum,
1186 4071 1230 4133 ita
1251 4072 1348 4156 pergit
1365 4069 1426 4135 De·

303 4192 393 4258 bora:
423 4215 535 4280 »quum
557 4195 683 4258 victoria
704 4198 781 4260 inter
802 4194 1011 4260 inundationes
1033 4207 1120 4283 parta
1142 4207 1234 4273 esset,
1259 4194 1301 4259 ibi
1321 4195 1427 4262 lauda·

304 4316 392 4396 bant,
418 4313 508 4412 (pp-p
526 4316 599 4424 ΠΨ,
624 4333 756 4409 tempore
772 4315 927 4403 continuo)
945 4319 1178 4386 »vindicationes
1194 4320 1336 4400 lehovae,
1359 4325 1428 4388 vin·

306 4441 467 4512 dicationes
494 4413 640 4534 pagorum
663 4448 727 4533 eJ'us
750 4450 782 4512 in
803 4446 907 4526 lsrael;
935 4460 1041 4535 postea
1064 4445 1235 4514 descendit«
1259 4442 1354 4553 (t‘t'tlY
1371 4453 1426 4550 ils,
