3152 5160
835 363 885 435 96

754 465 967 474 ---.-.-—-—.-——

301 567 441 661 tahquam
469 577 621 660 propriam
648 576 795 660 mancipio
819 596 852 636 ac
875 595 956 636 nexu
979 571 1149 636 vindicavit.
1195 570 1239 634 Ita
1263 572 1293 634 in
1315 574 1426 635 arctio-

301 721 362 764 rem
385 721 520 786 campum
542 721 637 786 usque
663 698 854 764 decurrimus.
890 697 920 761 A
942 709 1029 786 gente
1046 693 1224 762 Semitarum
1246 696 1284 760 ad
1302 699 1425 782 stirpem

302 824 572 889 Abrahamidarum
596 823 810 901 descendimus,
836 823 941 888 deinde
960 821 998 885 ad
1015 821 1153 886 lamiliam
1168 825 1272 898 Issaei,
1298 821 1425 907 deniqne

303 949 341 1012 ad
358 972 445 1013 unam
456 948 561 1014 Jacobi
577 949 707 1013 domum.
743 947 788 1014 Ac
802 961 945 1037 perpetua
962 947 1034 1012 haec
1050 947 1185 1010 ecelesiae
1200 946 1335 1011 limitatio
1352 967 1425 1009 oon·

303 1077 445 1152 stituitur,
471 1087 505 1139 ut
520 1074 695 1151 videbimus,
720 1050 773 1161 per
795 1075 957 1161 legitimum
973 1085 1116 1160 quattuor
1139 1072 1247 1136 horum
1262 1071 1425 1160 Fragmen-

302 1212 401 1264 torum
432 1199 579 1276 ordinem,
613 1221 699 1286 quem
728 1199 794 1263 ideo
825 1198 958 1263 turbavit
987 1199 1162 1285 compilator
1192 1197 1422 1272 Masorethiens,

303 1328 372 1411 quia
397 1347 497 1388 omnes
521 1338 621 1411 gentes
646 1324 775 1389 atribus
790 1322 952 1388 Noachidis
970 1324 1130 1401 derivavit,
1154 1322 1309 1388 Noachum
1325 1333 1424 1384 autern

301 1463 373 1536 post
387 1450 535 1514 Adamum
558 1453 670 1535 posuit.
704 1450 744 1514 Et
765 1450 948 1537 populorum
971 1449 1089 1536 quidem
1112 1449 1288 1534 rejectorum
1302 1448 1425 1510 nomina

302 1597 387 1638 nemo
413 1587 473 1653 est,
504 1578 555 1662 qui
579 1579 609 1638 in
633 1576 679 1638 his
702 1575 887 1662 Fragmentis
911 1574 1027 1639 dubitet
1050 1595 1218 1661 agnoscere.
1263 1570 1339 1636 Nam
1363 1571 1423 1634 Ca-

303 1723 398 1784 noao,
423 1703 473 1787 qui
498 1723 554 1787 pro
577 1714 661 1787 patre
685 1723 741 1764 suo
766 1700 837 1764 diris
861 1700 1025 1764 devovetur
1047 1694 1133 1780 (Gen.
1149 1699 1207 1775 IX,
1225 1693 1290 1779 25),
1314 1696 1424 1784 gentile

302 1824 375 1888 illud
403 1847 511 1889 nomen
541 1831 624 1930 ψξέ
654 1829 716 1890 sinc
743 1825 802 1889 ulla
825 1828 988 1889 mutatione
1011 1823 1140 1889 exhibet.
1186 1824 1300 1887 Nomen
1324 1834 1423 1886 autem

305 1947 387 2026 Quin
416 1955 467 2052 Ii?
497 1973 559 2013 non
589 1950 678 2014 modo
709 1951 757 2013 hie
781 1945 872 2031 (Gen.
894 1949 945 2026 IV,
966 1945 1002 2030 l)
1031 1972 1133 2014 verum
1163 1953 1250 2013 etiarn
1278 1951 1310 2010 in
1332 1945 1422 2010 Num.

301 2072 412 2150 XXIV,
430 2073 472 2137 22
496 2087 612 2161 gentem
634 2074 850 2140 Ilionaeocum
872 2080 975 2178 0³de
995 2074 1139 2162 designat.
1172 2073 1285 2138 Deinde
1299 2071 1422 2154 lancee,

302 2197 453 2284 Haporee
480 2199 574 2276 filius,
607 2199 810 2286 Hapaceeam
832 2212 947 2287 gentem
974 2196 1041 2281 (Ps.
1060 2199 1226 2275 LXXXIII,
1245 2194 1277 2276 7)
1301 2198 1421 2276 indicat,

302 2322 437 2410 idemque
445 2323 644 2402 Nabathaeos,
657 2325 839 2402 Kadarenos,
853 2322 1124 2412 aliasquehrabnm
1135 2327 1270 2388 nationes
1282 2347 1300 2388 a
1311 2347 1343 2390 se
1354 2328 1422 2411 ipso

304 2450 444 2514 oriundas
461 2451 673 2538 complectitur.
705 2451 840 2537 Denique
851 2447 942 2516 Esau
956 2444 1041 2553 I'Q,
1066 2454 1085 2514 i.
1100 2473 1124 2514 e.
1141 2449 1260 2514 lec'rsctc
1268 2449 1353 2536 pelle
1369 2451 1423 2514 ob-

302 2585 409 2657 tectae,
440 2580 491 2662 qui
514 2590 665 2664 praeterea
687 2560 794 2642 Edem
818 2570 915 2680 Βῆζζ,
946 2579 965 2638 i.
984 2597 1008 2639 e.
1032 2573 1123 2662 reses
1145 2575 1310 2662 appellatur
1334 2571 1423 2656 (Gen.

301 2700 400 2778 XXV,
416 2699 481 2783 25),
499 2705 609 2788 quique
623 2701 694 2766 Scir
706 2696 812 2794 wiltzi,
830 2705 850 2764 i.
862 2671 1035 2764 elbc’reaetres
1045 2699 1136 2763 luisse
1147 2700 1321 2786 perhibetur
1334 2695 1422 2781 (Gen.

302 2826 425 2904 XXVII,
442 2825 491 2904 ll,
506 2823 561 2907 23)
578 2839 607 2890 et
621 2830 651 2890 ln
667 2839 766 2892 monte
784 2825 856 2890 Seri·
869 2829 889 2888 i.
904 2847 928 2889 e.
945 2829 976 2889 in
991 2825 1088 2911 pilosa
1103 2837 1133 2888 et
1147 2825 1286 2911 sylvestri
1301 2828 1423 2912 regione

302 2949 457 3035 habitabat
472 2947 558 3033 (Gen.
572 2951 695 3027 XXXII,
712 2947 756 3033 4),
783 2953 942 3015 certissime
955 2950 1124 3016 Idennaece
1146 2950 1257 3014 incolas
1278 2950 1422 3037 designat.

302 3047 335 3140 In
357 3077 462 3163 populi
484 3076 582 3152 electi,
608 3080 659 3163 qui
682 3077 728 3139 his
744 3075 883 3163 gentibus
907 3089 1011 3162 quater
1029 3079 1202 3163 opponitur,
1226 3075 1423 3162 appellatione

303 3201 485 3286 explicanda,
502 3203 620 3264 nonnisi
631 3224 738 3266 nornen
749 3201 853 3267 Habel
863 3178 971 3283 (55η)
982 3200 1182 3265 dllficultatem
1194 3201 1322 3287 aquuam
1334 3203 1422 3287 parit.

302 3324 377 3390 Nam
395 3323 489 3390 Sbeht
504 3339 548 3390 cst
563 3329 655 3390 totius
672 3330 767 3414 gentis
783 3327 971 3411 προπάτωρ,
985 3325 1113 3392 necem
1128 3339 1226 3389 autem
1243 3339 1272 3390 et
1286 3325 1425 3391 Jacobus

302 3473 356 3538 per
371 3472 401 3515 se
418 3455 489 3516 satis
506 3451 693 3539 distinguunt
708 3451 782 3516 duas
798 3451 1067 3517 Abrahamidarum
1081 3455 1285 3539 generationes
1301 3452 1424 3516 alteram

301 3589 373 3662 post
388 3578 507 3641 alteram
530 3577 727 3642 succedentes.
763 3576 823 3642 Sed
846 3580 945 3664 ipsum
959 3576 1163 3642 Abrahamum
1177 3577 1224 3640 vel
1239 3580 1341 3663 potius
1357 3578 1423 3663 ejus

302 3698 438 3764 familiam
455 3705 486 3766 in
498 3700 644 3765 vocabulo
656 3701 760 3766 Habel
772 3723 867 3788 usque
883 3701 980 3766 adhue
995 3703 1124 3779 latuisse,
1141 3724 1229 3788 spero
1242 3723 1287 3765 me
1302 3700 1423 3765 tandem

303 3823 582 3890 demonstraturum.
618 3824 676 3908 Qui
693 3847 793 3890 caecos
810 3830 883 3891 istos
899 3839 1090 3914 punctatores
1107 3830 1237 3892 caeciore
1254 3825 1424 3890 obedientia

301 3963 533 4037 prosequuntur,
558 3975 620 4015 non
644 3949 825 4016 dubitabunt
846 3954 951 4016 iterare
974 3975 1077 4017 vocem
1099 3934 1198 4028 ⁸7:15,
1225 3973 1299 4038 quae
1323 3953 1422 4016 breci-

302 4085 394 4139 tatem
416 4078 496 4142 citae
525 4075 658 4152 denotet,
689 4075 813 4139 formam
842 4077 1004 4163 segolatam
1032 4099 1096 4144 esse
1125 4076 1163 4140 ad
1188 4077 1315 4140 radioem
1338 4050 1423 4179 ¹720

302 4198 491 4264 referendam.
535 4198 633 4283 Quum
656 4221 727 4264 vero
751 4204 808 4263 ista
830 4200 918 4265 radix
940 4201 1175 4289 frequentissime
1198 4213 1361 4288 usurpetur
1384 4199 1423 4266 ad

303 4322 512 4410 designandam
527 4347 633 4392 vanarn
651 4325 800 4391 idolorum
822 4325 1040 4419 adorationem,
1064 4330 1172 4391 mirum
1187 4326 1266 4390 soret
1280 4330 1305 4390 si
1321 4325 1422 4390 eadem

303 4445 479 4515 describeret
500 4453 628 4536 primum
650 4453 815 4529 hominem,
841 4455 892 4538 qui
909 4473 979 4517 vero
995 4451 1059 4518 Deo
1076 4465 1224 4540 acceptam
1242 4449 1422 4516 oblationem
