3166 5178
695 353 744 426 15

157 565 248 628 ritum
272 563 424 640 militaret,
451 565 521 650 quia
544 565 781 648 eoncupiscentia
805 577 835 628 et
856 585 937 628 mors
958 565 990 629 in
1005 565 1106 651 pejore
1121 567 1278 651 compositi

157 689 288 753 hominis
311 702 418 754 natura
438 691 549 754 semina
565 711 620 754 sua
630 689 771 774 jacerent.
806 687 937 754 Eandem
954 689 990 754 de
1004 703 1123 775 peccato
1141 703 1170 755 et
1184 703 1278 754 morte

158 836 198 878 ex
219 813 358 879 inferiore
382 817 515 901 appetitu
539 813 674 880 oriundis
698 816 887 892 sententiam,
912 836 1001 901 quarn
1024 817 1111 878 nimis
1126 815 1279 880 confirmat

158 941 341 1025 experientia
363 952 481 1016 nostra,
504 939 659 1004 Jehovista
681 938 845 1025 symbolica
860 938 987 1026 quadam
1010 930 1049 1004 ac'
1064 943 1189 1026 mystica
1210 961 1278 1004 nar·

156 1066 273 1128 ratione
296 1062 392 1128 fusius
416 1067 550 1151 exponit.
598 1063 648 1129 Sic
670 1067 747 1128 enim
770 1087 831 1130 reru
855 1063 992 1129 declarat.

248 1187 348 1271 Quum
363 1188 444 1253 Deus
468 1188 617 1254 hominem
633 1211 672 1254 ex
687 1188 811 1276 duplici,
836 1211 929 1275 eaque
945 1191 1134 1265 inconcinna,
1158 1191 1277 1252 materie

157 1311 331 1390 conflasset,
355 1314 424 1377 hinc
448 1335 463 1376 e
486 1325 603 1377 terreno
626 1313 763 1401 pulvere,
787 1314 866 1378 illinc
889 1336 905 1378 3
928 1315 1047 1379 33313311
1064 1317 1185 1400 spiritu,
1210 1335 1277 1377 eum

157 1440 262 1526 utique
286 1440 316 1502 in
337 1437 448 1524 duplici
464 1438 594 1526 quodam
613 1439 794 1503 deliciando
808 1438 896 1504 ltorto
912 1433 1060 1544 (ἵζω-β)
1077 1438 1232 1504 3311333111
1245 1432 1276 1520 ¹).

155 1558 233 1626 Nam
262 1565 294 1626 in
321 1560 419 1628 modio
449 1563 553 1640 horto,
585 1542 726 1651 tanduam
755 1577 855 1628 centro
882 1565 962 1628 unde
986 1585 1087 1630 omnes
1109 1566 1183 1629 istae
1206 1562 1277 1626 deli-

157 1689 218 1752 eiao
248 1699 430 1790 emanarent,
461 1687 536 1752 duas
565 1689 701 1767 arbores,
733 1691 852 1755 alteram
883 1711 978 1776 prope
1004 1689 1124 1754 alteram
1149 1689 1276 1764 consitas

157 1808 246 1894 (Gen.
262 1813 302 1890 Il,
320 1811 350 1878 9.
374 1809 487 1895 111,3)‚
512 1817 553 1878 ita
577 1814 740 1892 ordinavit,
765 1827 800 1879 ut
823 1814 914 1879 altera
936 1815 1020 1879 alteri
1041 1826 1186 1900 perpetua
1204 1832 1277 1899 qua-

157 1935 227 2000 dam
250 1950 339 2025 atque
361 1937 468 2002 11113313
491 1943 681 2026 oppositione
700 1953 888 2028 repugnaret.
924 1937 989 2006 Una
1003 1939 1109 2004 harum
1125 1937 1275 2016 arborum,

156 2082 236 2148 quae
259 2059 349 2126 arbor
370 2065 461 2148 vitoe,
485 2067 547 2129 3113
570 2065 817 2148 immortalitatis,
841 2078 1039 2152 nuncupatur,
1064 2067 1141 2129 inter
1163 2062 1276 2128 fructus

157 2207 231 2251 snos
254 2208 344 2254 aurea
366 2188 417 2252 illa
438 2189 548 2276 gaudia
569 2189 754 2276 proferebat,
782 2212 858 2278 quae
882 2190 1015 2255 divinum
1038 2190 1166 2254 hominis
1189 2191 1276 2275 spiri-

156 2324 236 2388 tum,
268 2333 359 2399 opera
388 2335 422 2376 33
449 2312 551 2378 labore
581 2337 636 2379 suo
665 2319 720 2382 1113
749 2314 971 2402 defungentem,
1002 2316 1033 2378 in
1062 2317 1123 2378 vita
1151 2326 1180 2378 et
1206 2325 1277 2401 post

158 2449 283 2500 mortem
310 2451 507 2524 prosecutura
535 2453 614 2505 sunt.
661 2440 763 2506 Altera
793 2438 897 2516 arbor,
928 2460 1004 2525 qnae
1032 2450 1157 2502 vocatur
1187 2436 1277 2501 arbor

159 2562 341 2647 repetitiones
363 2563 514 2628 1311313311
535 2565 751 2651 malamque
771 2585 889 2646 1333111,
914 2562 1023 2626 scilieet
1045 2561 1108 2647 ejus
1131 2563 1276 2648 cognitio-

156 2688 204 2750 nis
229 2707 304 2774 quae
327 2709 394 2752 311111
410 2686 566 2774 pubertate
584 2690 743 2775 conjuncta
760 2700 805 2752 est
828 2682 877 2770 (cl.
892 2687 946 2751 133.
959 2683 1095 2780 vult,
1112 2682 1163 2749 16.
1186 2684 1274 2748 Deut.

155 2811 185 2888 l,
207 2809 260 2876 39.
294 2811 351 2898 Ep.
373 2812 412 2876 ad
432 2811 523 2878 Hebr.
540 2812 578 2891 V,
603 2809 674 2896 14),
688 2853 689 2858 1
704 2813 754 2878 illa
784 2813 940 2877 dumtaxat
966 2810 1076 2900 gaudia
1097 2833 1153 2897 pro
1177 2809 1276 2876 fructu

156 2957 214 3000 suo
245 2935 428 3015 ostentabat,
458 2960 533 3025 quac
561 2960 690 3016 carnem,
722 2939 768 3004 131
797 2939 950 3004 animalem
976 2939 1105 3001 hominis
1127 2948 1274 3012 naturam,

157 3059 306 3126 oblectare
322 3061 446 3141 dehent3
469 3083 558 3150 quae,
583 3086 676 3151 quum
690 3067 786 3150 primo
804 3062 913 3128 obtutu
930 3061 1011 3128 bona
1026 3074 1201 3150 appareant,
1223 3083 1276 3124 ex·

155 3188 321 3273 parimento
344 3185 422 3252 laeto
445 3187 535 3265 mala,
567 3189 611 3252 vel
633 3190 730 3253 saltim
752 3211 814 3254 non
835 3192 878 3253 ita
899 3187 994 3266 bona,
1025 3209 1089 3252 3333
1113 3186 1275 3273 deprehen·

157 3309 280 3376 duntur.
326 3311 366 3376 Et
388 3329 480 3400 quum
502 3313 608 3377 hortus
631 3313 679 3378 ille
703 3317 801 3378 omnia
824 3317 901 3379 11133
924 3325 1096 3378 3133113313
1118 3323 1207 3398 atque
1229 3314 1276 3374 in·

156 3448 322 3501 strumenta
352 3440 528 3516 contineret,
565 3440 664 3503 omnia
693 3461 769 3526 quae
799 3441 918 3515 suavia,
954 3436 1064 3513 dulcia,
1096 3457 1219 3499 amoena
1246 3446 1276 3498 31

151 3561 288 3646 jucunda
323 3575 421 3627 essent
450 3563 495 3628 vel
524 3567 592 3640 visu
620 3563 667 3628 vel
699 3576 824 3650 gustatu
853 3558 907 3645 (ll,
928 3558 982 3645 9),
1020 3582 1170 3649 quumque
1204 3559 1276 3624 haec

157 3689 257 3751 omnia
285 3686 399 3751 1131111111
426 3687 527 3754 liceret
553 3712 610 3776 pro
638 3687 761 3753 arbitrio
785 3711 841 3754 suo
866 3709 1010 3776 usurpare
1034 3681 1128 3770 (16),
1159 3697 1276 3750 constat

156 3815 281 3878 vetitum
316 3815 493 3899 cognitionis
527 3813 655 3879 furatum
690 3814 764 3878 nihil
798 3813 879 3878 aliud
910 3835 973 3878 esse
1002 3835 1091 3900 quam
1120 3810 1275 3875 centralem

158 3939 244 4026 quasi
267 3940 521 4024 concupiscentiae
544 3942 618 4017 11111,
651 3961 726 4028 quae
749 3942 781 4004 in
803 3937 915 4016 abusu,
940 3939 987 4003 131
1008 3940 1098 4002 11111113
1123 3957 1181 4000 usu
1204 3934 1275 3998 deli-

157 4065 269 4127 ciarum
297 4083 402 4128 sensus
430 4077 579 4141 versatur,
615 4077 704 4152 atque
734 4063 773 4129 ob
804 4087 868 4130 eam
895 4085 957 4130 rem
986 4061 1023 4127 ab
1053 4062 1144 4126 altero
1174 4071 1274 4123 centro

209 4233 214 4242 ’
233 4237 252 4306 ¹)
276 4237 352 4291 Hand
366 4238 542 4293 311333111113
557 4240 666 4311 scriptor
678 4239 836 4294 dasharanus
849 4239 955 4295 verbum
974 4245 1053 4317 nup]
1071 4253 1084 4288 1
1102 4231 1275 4312 131101115)

157 4343 285 4412 3111111111;
310 4361 368 4400 nam
392 4346 440 4400 sub
459 4343 546 4402 Edene
570 4345 788 4419 praesignificatur
811 4346 938 4417 promissa
961 4340 1050 4414 populi
1073 4342 1147 4414 probi
1166 4345 1276 4410 requies

156 4448 201 4519 (31,
220 4450 262 4507 ΡΙ.
280 4450 363 4518 XCV,
382 4450 436 4520 11).
