3166 5178
691 373 739 420 vn

156 539 339 608 beraubend
365 541 415 606 die
439 538 633 627 Obripleettea
657 542 724 606 aad
746 539 918 624 Gemella,
944 540 1030 624 qnod
1058 546 1143 608 esset
1168 534 1268 606 dma-

157 643 295 730 drioud).
316 649 354 713 In
368 648 516 714 universa
529 647 702 732 philologia
717 648 900 731 quantulum
915 667 1101 733 progressus
1115 649 1158 716 ait
1167 649 1269 714 Ewal-

156 755 227 838 duo,
247 775 287 820 ex
302 775 340 820 eo
355 759 496 839 apparet,
517 755 600 837 quod
618 755 754 822 litteram
772 762 899 822 tenuem
917 761 940 818 tr
958 755 1099 822 mediat
1116 755 1268 840 antiquio

156 883 222 928 rem
244 880 316 928 eoae
332 860 506 944 existimat,
521 868 688 948 propterea
703 862 778 945 quia
792 861 937 928 Ariamm
958 862 1134 948 linguarum
1150 863 1269 946 aliquot

156 975 267 1036 tenues
290 968 405 1034 mediis
427 963 664 1053 anteponaut²)!
687 969 729 1034 lit
743 969 849 1054 spissa
871 974 921 1036 est
940 970 973 1036 in
995 971 1048 1036 illo
1068 970 1195 1037 homine
1209 969 1268 1036 La
1404 1019 1406 1029 .

155 1076 241 1142 tinae
263 1074 489 1160 grammatioae
511 1075 690 1158 ignorantia
704 1076 759 1158 qui
781 1077 996 1162 partieipiales
1019 1077 1178 1144 secundae
1200 1097 1268 1162 per-

155 1203 253 1250 sonae
269 1182 387 1250 formas
402 1182 548 1264 m-mioi,
566 1186 688 1248 -me'aor
702 1183 744 1248 ad
763 1183 905 1250 Indioum
922 1185 1033 1250 dtodm
1047 1183 1157 1252 referri
1171 1205 1268 1270 posse

154 1290 324 1356 arbitratur
345 1284 539 1378 (Zeitrolaast
553 1289 614 1378 sto·
636 1291 686 1356 die
702 1289 815 1356 Kaode
838 1293 891 1357 der
910 1293 1149 1380 Morpealandee
1173 1293 1268 1358 1837.

154 1419 208 1485 pp.
218 1399 283 1463 110
294 1393 386 1480 squ).
410 1396 474 1463 Sed
494 1403 529 1462 ut
544 1404 694 1464 aexoenta
712 1397 776 1464 alia
790 1399 1047 1484 praetermittam,
1063 1406 1095 1466 et
1108 1398 1269 1466 hominem

154 1526 206 1572 me
224 1503 491 1571 oonfidentiasime
513 1503 743 1589 admonentem,
759 1506 901 1574 vioioaim
922 1505 1120 1592 admoneam,
1135 1507 1267 1574 Idwaldo

154 1619 370 1694 anemurum,
398 1617 434 1676 ut
455 1611 593 1694 aliquam
619 1611 842 1698 philologiam,
872 1614 1112 1698 grammaticae,
1141 1615 1268 1682 oritieae

155 1720 307 1787 scientiae
322 1719 356 1784 in
369 1718 486 1802 linguis
501 1719 586 1786 Ariis
601 1719 745 1786 notitiam
760 1740 801 1786 ex
816 1721 896 1788 meio
912 1721 1060 1807 operibus
1073 1721 1125 1789 vel
1139 1721 1268 1788 aliunde

155 1827 217 1895 eibi
239 1831 408 1912 comparet,
431 1826 552 1893 interea
573 1833 680 1894 autem
700 1827 827 1894 desinat
848 1827 928 1894 alios
950 1828 1044 1913 viros,
1065 1828 1119 1912 qui
1140 1829 1190 1895 his
1205 1833 1268 1896 stu·

155 1935 218 2002 diis
241 1934 432 2017 inoumbunt,
455 1933 588 2000 adunois
611 1935 740 2001 naribus
763 1934 967 2020 suspendere.

220 2043 338 2108 Verum
360 2040 519 2107 enimvero
538 2061 603 2107 non
624 2041 701 2108 libet
716 2041 788 2127 plus
806 2063 921 2127 operae
935 2063 1017 2110 vano
1034 2043 1153 2108 homini
1175 2042 1266 2109 easti-

154 2149 261 2235 gendo
283 2149 451 2214 insumere.
474 2146 621 2233 Optimae
644 2148 738 2234 hujus
760 2149 832 2215 libri
852 2150 1010 2218 vinditiae
1032 2150 1065 2215 in
1088 2149 1198 2216 intima
1219 2171 1267 2216 ra

154 2257 249 2324 tionis
264 2277 355 2322 meae
370 2255 502 2322 veritate
516 2256 664 2323 nituntur.
687 2256 769 2323 Nam
786 2257 815 2322 ei
830 2263 920 2324 vetus
933 2258 1170 2325 Testamentum
1185 2279 1266 2324 novo

154 2363 344 2430 eontrarium
364 2383 427 2429 non
443 2370 500 2447 est,
516 2364 544 2430 ai
558 2364 593 2428 in
607 2371 738 2447 utroque
752 2364 910 2432 volumine
925 2365 1147 2440 revelationem
1162 2386 1182 2431 a
1197 2366 1266 2432 Deo

155 2471 227 2556 ipso
242 2463 458 2556 oonsignatam
480 2471 642 2554 habemus,
659 2471 736 2554 quid
755 2472 861 2538 verius
884 2491 956 2538 ease
978 2479 1083 2558 potest
1098 2493 1193 2555 quam
1210 2474 1266 2538 eri-

155 2578 220 2644 tioa
239 2577 293 2643 illa
313 2577 518 2644 Judaioorum
539 2578 688 2644 librorum
711 2579 870 2661 traotatio,
892 2597 974 2661 quae
997 2579 1031 2643 in
1051 2579 1267 2646 vetustissima

155 2685 237 2752 sueri
259 2684 377 2752 oodioia
400 2684 545 2769 materie,
568 2685 601 2748 in
630 2685 710 2770 ipsis
732 2684 892 2752 Mosaioae
914 2692 946 2752 et
967 2685 1164 2754 Samuelieae
1187 2687 1266 2754 relli-

153 2793 257 2876 gionis
280 2791 435 2876 medullis,
458 2798 628 2876 antequam
650 2791 837 2859 Saoerdotes
857 2793 1049 2877 Soribaeque
1064 2794 1197 2861 Levitioi
1219 2815 1266 2862 se

98 2889 104 2894 ’
154 2900 245 2966 riorio
273 2899 345 2966 aevi
374 2899 588 2966 caeremonias
611 2900 766 2984 ritusque,
790 2899 913 2966 Christo
935 2902 1062 2986 penitus
1084 2901 1265 2985 abolendor,

107 3093 110 3102 Α
154 3007 395 3091 exoogitaaoent,
419 3007 575 3072 uinearum
598 3006 659 3073 Dei
681 3008 819 3090 verbum,
842 3007 1016 3074 doetrinam
1039 3030 1060 3074 a
1081 3009 1151 3075 Deo
1173 3009 1265 3076 unioe

154 3115 307 3180 aanoitam
331 3112 551 3198 deprehendit,
574 3135 689 3200 nempe
711 3135 837 3181 omnem
858 3114 1008 3200 pietatem
1034 3115 1068 3180 in
1091 3115 1265 3184 imitatione

153 3222 217 3287 Dei
238 3221 328 3306 probi
350 3225 382 3286 et
405 3220 617 3287 misericordis
637 3221 779 3288 versari?
800 3221 889 3288 Haeo
911 3221 1024 3288 eadem
1045 3222 1187 3290 doetrina
1208 3245 1266 3309 per

154 3329 273 3414 scripta
294 3328 517 3415 prophetarum
540 3335 650 3412 argute
672 3335 813 3412 resonat,
836 3329 891 3411 qui
913 3329 1020 3396 missis
1049 3329 1211 3397 saerifioiis
1234 3336 1266 3398 et

154 3435 370 3518 eaeremoniis,
393 3435 436 3502 ad
457 3456 565 3502 reram
580 3436 642 3502 Dei
661 3436 874 3502 obedientiam
896 3443 928 3502 et
950 3436 1157 3504 imitationem
1173 3438 1265 3505 disei-
1305 3469 1306 3474 ¹

154 3544 246 3630 pulos
273 3563 347 3609 auos
371 3542 573 3608 exhortantur
594 3537 653 3626 (oi.
669 3543 732 3609 Joa
747 3544 771 3627 I,
790 3543 929 3608 11-17.
951 3545 1055 3609 Amor.
1071 3544 1107 3627 V,
1124 3545 1263 3612 21—25.

153 3649 331 3732 MtelaeVI,
345 3650 441 3714 6-8.
456 3650 521 3716 Jer.
528 3649 595 3733 VH,
612 3651 752 3716 21—23.
771 3650 901 3733 HoaVI,
914 3651 943 3716 6.
967 3651 1080 3716 Prode.
1093 3651 1129 3735 L,
1146 3653 1264 3720 8-15.

152 3757 298 3822 Proverb.
310 3757 398 3840 XXI,
414 3753 458 3841 3).
496 3756 586 3822 Idem
609 3756 706 3822 voluit
720 3756 794 3822 Jodi
817 3766 932 3841 auetor,
956 3759 1010 3841 qui
1033 3779 1128 3842 quum
1151 3760 1265 3826 librum

153 3861 1264 3952 Jaeharanumperpetuoquasicommentarioillustraret(inlr.p.328),

153 3978 262 4055 aperte
277 3977 410 4036 testatus
433 3966 731 4055 est(xxvfl1,aa)
749 3972 893 4057 ,domini
907 3979 1023 4039 metum
1046 3993 1118 4040 esee
1140 3974 1264 4059 sapien-

152 4077 238 4159 tiam,
262 4084 293 4144 et
315 4076 461 4144 malefioii
483 4077 724 4145 declinationem
747 4078 946 4164 prudentiam
954 4074 979 4146 “.
1015 4080 1058 4145 Et
1079 4100 1175 4162 quum
1197 4079 1264 4146 uni·

207 4323 227 4389 ¹)
245 4322 444 4378 Sendeohreiben
462 4322 554 4394 dap.
565 4323 640 4378 Paret
659 4323 783 4393 Gooing.
797 4323 875 4378 1857.
893 4339 921 4390 p.
933 4323 1000 4395 4853
1019 4321 1054 4378 of.
1072 4339 1099 4393 p.
1114 4324 1174 4384 472.

205 4409 227 4478 ²)
247 4410 383 4490 Amfiidrl.
395 4411 489 4467 Ledrb.
502 4413 526 4468 d.
538 4411 617 4468 Heor.
630 4412 690 4486 apr.
709 4411 785 4470 1844.
805 4428 833 4484 p.
846 4411 891 4468 55.
