3126 5180
308 549 446 602 turorum
469 557 507 600 ex
528 535 649 602 meridie
672 537 703 601 in
727 539 956 623 septentrionem
978 533 1122 601 fluctuum
1145 536 1272 622 impetus
1288 537 1329 599 ita
1345 537 1437 599 siste-

229 741 232 749 ,
308 675 400 740 retur,
424 673 460 726 ut
480 660 592 726 refluus
616 663 705 727 maris
728 674 844 739 motus,
873 683 965 748 quum
988 663 1013 726 is
1037 661 1108 725 alias
1132 683 1184 725 sex
1208 660 1298 724 horas
1322 658 1434 724 durare

309 787 418 863 soleat,
443 799 514 850 tune
538 781 692 851 duodecim
717 787 806 851 horas
831 785 995 863 duraverit,
1021 786 1103 875 quod
1125 786 1202 852 idem
1224 789 1256 849 in
1271 783 1434 850 Hollandia

308 911 347 976 A.
365 909 398 976 C.
415 909 614 976 MDCLXXII
629 911 768 976 accidisse
784 910 904 976 seratur.
934 911 985 975 Ad
999 925 1116 998 tempus
1132 914 1162 976 in
1177 914 1242 998 ipsa
1257 911 1433 997 trajectione

309 1036 499 1123 absumptum
531 1035 613 1123 quod
643 1038 762 1112 attinet,
793 1049 894 1101 monet
916 1033 1158 1102 Rosenmiillerus
1183 1035 1338 1100 verisimile
1366 1057 1433 1100 esse

308 1165 466 1226 maximam
498 1161 694 1226 Israelitarum
727 1174 841 1247 partem
870 1183 936 1226 curn
965 1161 1152 1238 mulieribus,
1187 1159 1365 1236 infantibus,
1402 1171 1435 1224 et

307 1287 466 1374 pecoribus
486 1288 548 1372 jam
572 1300 657 1352 antea
680 1290 710 1351 in
726 1285 867 1351 Arabiam
888 1291 1045 1374 migrasse,
1070 1309 1130 1374 qua
1150 1289 1265 1350 ratione
1288 1307 1433 1350 numerus

308 1415 524 1477 transeuntium
540 1412 624 1476 valde
647 1416 837 1490 minueretur,
863 1424 951 1499 atque
973 1416 1015 1477 ita
1037 1416 1180 1476 transitus
1203 1411 1297 1476 multo
1317 1410 1434 1476 facilior

309 1551 395 1604 esset.
441 1538 587 1625 Equidem
618 1537 695 1602 addo
720 1560 787 1615 eos,
820 1541 871 1625 qui
893 1560 947 1624 per
970 1560 1049 1602 mare
1071 1537 1252 1613 transibant,
1284 1535 1433 1623 quodam·

308 1663 398 1727 modo
422 1674 563 1726 armatam
586 1685 649 1726 esse
672 1666 806 1728 virorum
828 1662 1061 1739 multitudinem,
1087 1665 1138 1750 qui
1160 1665 1356 1726 novissimum
1378 1661 1433 1726 de·

310 1787 473 1852 cedentium
503 1809 607 1875 agmen
638 1787 813 1852 claudebant
836 1783 885 1870 (cl.
908 1788 1007 1852 Exod.
1023 1787 1092 1864 XII,
1112 1786 1163 1864 37,
1181 1783 1247 1870 38).
1296 1784 1432 1851 Consen-

308 1924 428 1976 taneum
451 1925 496 1977 est
519 1912 634 1977 eredere
658 1913 812 1990 Israelitas,
838 1935 966 2000 quorum
982 1913 1116 1978 nonnulli
1132 1913 1228 1976 saltim
1243 1915 1274 1974 ln
1291 1909 1431 1975 Goshene

309 2036 477 2101 habitantes
505 2036 582 2101 bella
611 2061 676 2102 curn
706 2041 809 2102 vicinis
838 2038 1006 2103 Philistaeis
1037 2036 1212 2104 exercebant
1241 2031 1279 2117 (l
1299 2035 1429 2122 Paralip.

308 2159 378 2238 Vll,
397 2157 468 2244 21),
500 2162 626 2249 aliquam
651 2176 828 2228 armaturam
852 2162 1001 2228 hahuisse.
1047 2162 1108 2227 Nec
1129 2162 1247 2227 Pharao
1272 2183 1340 2225 eum
1361 2181 1431 2224 sex·

309 2289 400 2351 centis
429 2287 565 2351 curribus
595 2289 759 2353 lectissimis
788 2301 877 2375 atque
908 2291 987 2352 omni
1018 2290 1151 2375 equitatu
1181 2289 1316 2362 exiisset,
1346 2288 1429 2350 sliu

308 2415 432 2476 inermes
455 2411 611 2499 profugos,
641 2416 692 2499 qui
715 2414 796 2478 nulla
817 2414 875 2478 tela
898 2412 1055 2489 haberent,
1087 2411 1195 2499 quihus
1220 2433 1251 2476 sc
1274 2409 1429 2475 defendere

309 2549 467 2614 certarent,
492 2540 635 2624 impetum
657 2535 762 2603 fuisset
784 2537 926 2602 facturus.
963 2537 1144 2603 Crediderim
1167 2540 1269 2623 potius
1286 2536 1430 2623 aIIquam·

309 2661 361 2726 diu
382 2663 558 2749 proeliatum
582 2684 646 2726 esse
670 2665 746 2727 inter
768 2665 958 2727 novissimam
980 2663 1176 2727 Israelitarum
1200 2663 1289 2724 aciem
1317 2673 1347 2724 et
1367 2663 1430 2747 pri·

307 2807 389 2852 mum
410 2787 630 2874 Aegyptiorum
659 2808 776 2874 agmen,
810 2785 903 2852 donee
926 2799 1015 2852 vento
1044 2799 1175 2852 cessante
1205 2799 1234 2851 et
1256 2797 1429 2873 tempestate

308 2907 447 2976 fulminea
465 2925 582 2988 coorta,
606 2911 714 2976 fluctus
730 2912 874 2990 redirent,
900 2925 929 2977 et
944 2911 1086 3000 Aegyptii
1100 2913 1187 2976 nlmis
1204 2933 1271 2976 sero
1287 2931 1429 2999 agnosce-

307 3047 375 3100 rent
397 3057 427 3098 se
451 3048 554 3100 eontra
568 3035 713 3102 dehoram
728 3059 861 3125 pugnare
878 3036 927 3118 (el.
945 3041 1032 3102 etiarn
1050 3034 1065 3101 l
1081 3035 1160 3101 Sam.
1176 3009 1227 3112 Ill,
1245 3031 1289 3117 8).
1325 3034 1428 3122 Neque

309 3162 385 3225 emm
414 3159 497 3224 aliter
524 3159 684 3249 intelligere
717 3184 841 3249 possum
871 3165 1068 3226 narrationem
1098 3161 1175 3244 illam
1207 3156 1325 3242 (Exod.
1347 3157 1428 3236 XIV,

308 3281 353 3348 24
368 3279 457 3372 sqq),
481 3284 624 3349 Jehovam
650 3288 725 3350 cirea
749 3287 877 3373 vigiliam
900 3289 1071 3351 matutinam
1096 3287 1286 3372 prospexisse
1311 3308 1328 3348 c
1349 3285 1430 3350 note

307 3408 413 3494 quea,
444 3431 504 3496 quo
528 3412 597 3474 visu
619 3408 786 3497 Aegyptios
817 3411 978 3476 clamitasse
1009 3409 1191 3498 »fugiamusl
1222 3431 1291 3473 nam
1314 3408 1429 3474 debora

306 3551 363 3620 pro
385 3534 524 3598 Israelitis
556 3547 659 3599 contra
685 3557 741 3599 nos
764 3549 911 3624 pugnat«
957 3536 1030 3601 Rem
1054 3533 1149 3600 fusius
1173 3534 1302 3621 explicat
1324 3547 1429 3600 auctor

306 3657 416 3722 Psalmi
438 3658 594 3737 LXXVII,
614 3657 653 3723 17
670 3679 753 3747 sqq.:

467 3875 606 3936 Viderunt
619 3888 647 3936 te
663 3896 759 3955 aquae,
775 3898 791 3936 o
808 3879 892 3953 Deus,
907 3879 1037 3940 viderunt
1051 3891 1079 3938 tc
1096 3890 1123 3938 ct
1137 3881 1298 3952 timuerunt,

466 3985 558 4044 Etiam
574 3986 669 4064 abyssi
686 3997 917 4046 contremuerunt

465 4089 560 4152 Nubes
576 4113 661 4170 aquas
677 4094 845 4168 effuderunt,
862 4097 956 4154 aether
972 4095 1109 4174 fragorem
1126 4095 1231 4168 edebat,

467 4193 536 4260 Tela
550 4211 599 4259 tua
613 4197 716 4279 ubique
732 4197 927 4280 pervadebant.

464 4305 496 4366 In
512 4311 622 4368 aethere
637 4312 743 4369 tonitru
758 4320 837 4370 tuum
853 4312 977 4384 sonabat,

464 4417 588 4496 Fulgura
602 4427 650 4478 tua
664 4437 714 4498 per
730 4419 825 4480 orbem
841 4421 1032 4495 coruscabant,
