3164 5176
744 385 957 496 Q-

468 592 543 659 Prac
565 592 738 659 mulieribus
761 598 791 659 in
814 598 951 661 tentoriis
974 593 1178 661 habitantibus
1201 596 1337 662 laudata!

287 729 445 789 taov.1a⁵]
470 718 588 807 Aquam
611 720 658 784 ille
680 724 781 807 petiit,
807 721 879 785 hacc
901 721 946 785 lac
967 719 1114 807 praebuit,

468 844 500 907 lu
523 857 625 931 patera
646 844 771 910 honoris
794 846 839 910 lac
862 850 990 935 spissum
1015 847 1123 911 attulit.

397 983 445 1038 12⁶]
469 967 581 1034 Deinde
605 972 753 1035 sinistram
776 970 814 1034 ad
837 971 951 1035 clavum
973 970 1115 1049 extendit,

468 1092 610 1160 Dextram
634 1094 673 1158 ad
694 1096 830 1161 malleum
854 1101 1067 1184 operariorum,

468 1219 507 1284 Et
530 1219 666 1284 contudit
688 1218 816 1299 Sinam,
841 1235 930 1308 caput
953 1223 1016 1307 ejus
1041 1224 1259 1308 conquassavit,

467 1342 560 1408 Feriit
580 1343 798 1432 transfuditque
822 1347 885 1430 ejus
909 1357 1052 1433 tempora.

397 1483 445 1539 [aa]
468 1468 547 1533 Inter
569 1469 659 1557 pedes
683 1471 747 1556 ejus
770 1470 968 1557 procumbens
992 1471 1111 1549 cecidit,
1131 1472 1239 1557 jacuit!

467 1593 546 1658 Inter
568 1593 658 1680 pedes
682 1595 745 1678 ejus
768 1595 966 1682 procumbens
991 1595 1108 1660 cecidit!

469 1717 527 1786 Ubi
549 1719 726 1808 procubuit,
750 1719 791 1784 ibi
816 1721 920 1785 cecidit
941 1721 1128 1810 peremptus!

781 1862 867 1915 suopte
881 1863 910 1905 tt.

398 1978 446 2042 [aa]
469 1967 528 2033 Per
550 1966 706 2033 fenestram
729 1974 874 2057 prospicit
897 1983 926 2035 et
948 1969 1108 2035 vociferata
1131 1983 1175 2036 est

467 2093 563 2159 Mater
586 2092 686 2159 Sisrae
708 2117 762 2180 per
783 2108 982 2175 transennam,

470 2218 588 2302 »Quare
611 2219 710 2283 tardat
732 2242 836 2285 currus
861 2222 923 2305 ejus
948 2219 1070 2285 venire?

470 2344 567 2428 Quare
589 2357 744 2409 morantur
767 2367 907 2409 curruum
932 2347 995 2430 ejus
1017 2344 1181 2432 gressusr«

397 2485 444 2540 [aa]
466 2469 716 2534 Prudentissimac
740 2493 754 2534 e
777 2474 925 2556 primariis
949 2471 1012 2555 ejus
1036 2468 1151 2533 seminis
1174 2468 1406 2556 responderunt,

467 2596 558 2659 Immo
582 2617 652 2658 vero
676 2599 742 2682 ipsa
765 2616 836 2659 suae
860 2598 1026 2682 quaestioni
1049 2595 1217 2680 respondit:

398 2735 445 2790 [⁸⁰]
470 2718 595 2784 »Nonne
618 2723 787 2795 inveniunt,
811 2741 910 2783 noune
934 2719 1072 2783 dividunt
1093 2718 1253 2806 praedam?

469 2843 562 2910 Unam
591 2845 733 2931 puellam,
763 2848 852 2908 immo
883 2843 956 2907 duas
985 2844 1112 2930 puellas,
1143 2843 1305 2908 fortissimo
1336 2843 1408 2910 duci

922 2968 1077 3057 praedam3

467 3089 586 3159 Vestem
620 3098 756 3171 tinctam,
792 3097 881 3160 immo
917 3094 991 3158 duas
1021 3108 1117 3158 vestes
1141 3067 1267 3171 tinetas,
1303 3091 1405 3160 Sisrae

923 3218 1077 3305 praedam3

467 3343 587 3409 Vestem
615 3366 671 3409 acu
703 3347 826 3432 pictam,
863 3347 950 3408 immo
981 3343 1054 3408 duas
1085 3337 1189 3410 vestes
1213 3366 1268 3408 acu
1297 3346 1403 3431 pictas,

922 3469 998 3533 colio
1022 3492 1087 3533 meo
1111 3467 1293 3557 praedamP«

738 3616 944 3669 carrociis.

395 3734 442 3789 [ει]
465 3719 508 3784 Ita
531 3716 672 3806 peribunt
693 3718 795 3783 hostes
821 3722 877 3795 tui,
902 3718 1030 3783 Jehova!

467 3840 525 3927 Qui
553 3857 650 3908 autem
674 3857 772 3909 amant
795 3845 876 3908 illum
899 3856 985 3908 erunt
1007 3847 1084 3907 sicut
1106 3841 1161 3907 Sol
1184 3865 1275 3931 quum
1298 3843 1403 3932 prodit

920 3971 951 4032 in
973 3969 1082 4033 lumino
1104 3989 1170 4032 suo.

734 4223 945 4236 -ι--υ-ι--ι
