3166 5178
851 365 873 439 2
970 326 972 332 .

756 467 969 478 ——.-

302 595 364 638 non
394 576 465 638 satis
494 574 631 638 instructi
658 573 747 639 bonis
775 576 895 652 litteris,
925 579 977 662 qui
1002 575 1052 640 illa
1076 573 1215 641 Osiandri
1238 575 1422 663 aliorumque

303 711 467 762 commenta
490 720 573 763 caeca
590 703 777 764 veneratione
795 685 941 775 retinent,¹
961 703 1013 787 qui
1029 700 1065 764 dc
1082 697 1307 765 Christianismo
1325 713 1422 764 actum

301 827 338 887 iri
362 825 540 902 exclamant,
566 828 591 888 si
615 827 682 911 quis
704 837 828 912 propter
850 827 1041 889 recentiorem
1064 828 1215 889 scientiam
1229 824 1422 889 Pentateuchi

302 953 506 1014 auctoritatem
529 953 560 1012 in
582 947 671 1013 rebus
695 949 856 1036 geologicis
878 951 1074 1025 imminuerit,
1100 953 1151 1036 qui
1168 949 1254 1036 plane
1270 949 1421 1014 cerebrum

255 1147 257 1151 ,
303 1073 360 1138 sibi
389 1077 488 1138 excuti
516 1086 640 1160 putant,
672 1076 696 1136 si
727 1076 794 1160 quis
820 1095 901 1137 nova
922 1076 1164 1159 interpretatione
1186 1087 1318 1139 veterum
1342 1097 1422 1139 com·

301 1211 500 1263 mentatorum
523 1196 684 1261 luminibus
709 1197 846 1261 offecerit.
884 1196 974 1280 Quod
997 1201 1022 1262 si
1044 1199 1102 1263 hos
1124 1199 1258 1263 homines
1280 1201 1422 1286 praeteri-

302 1345 424 1388 mus-
443 1344 538 1410 neque
562 1326 639 1387 enim
663 1325 739 1387 scria
761 1323 1013 1408 argumentatione
1038 1321 1119 1411 digni
1141 1336 1227 1400 sunt,
1251 1323 1304 1387 sed
1319 1326 1421 1409 potius

302 1447 447 1514 referendi
470 1447 509 1511 ad
530 1448 672 1534 puerilem
695 1447 773 1510 illam
798 1446 980 1533 disciplinam
1004 1451 1051 1511 cui
1070 1450 1155 1510 nimis
1174 1460 1287 1511 mature
1303 1469 1333 1512 se
1350 1445 1421 1510 suh-

304 1573 455 1638 duxerunt
473 1611 509 1621 -
529 1575 554 1635 si
577 1575 669 1660 igitur
690 1572 748 1635 hos
773 1575 950 1649 omittimus,
976 1593 1077 1635 omncs
1100 1571 1266 1659 relligiosos
1290 1584 1319 1635 et
1333 1591 1420 1634 sanae

302 1701 407 1763 mentis
424 1695 611 1762 Christianos
635 1699 666 1760 in
689 1719 723 1760 eo
749 1699 964 1761 consentientes
984 1698 1178 1782 reperiemus,
1204 1696 1286 1782 quod
1302 1695 1421 1760 Sacram

303 1822 488 1910 Scripturam
509 1844 565 1906 pro
583 1821 638 1885 Dei
662 1820 754 1886 verbo
778 1820 943 1886 habendam
966 1833 1132 1898 autument,
1156 1844 1218 1885 nnn
1241 1820 1349 1884 camah
1370 1832 1422 1884 aut

302 1946 471 2010 mechanica
504 1948 633 2021 ratione,
671 1949 756 2030 quasi
785 1966 872 2009 voces
904 1958 957 2009 aut
989 1945 1101 2010 litteras
1130 1946 1249 2009 caelitus
1280 1944 1420 2009 oriundas

304 2068 471 2146 exhiberet,
502 2068 554 2133 sed
577 2071 662 2157 quia,
693 2082 829 2155 respectu
851 2067 954 2133 habito
979 2067 1017 2132 ad
1038 2068 1183 2134 librorum
1206 2082 1419 2157 argumentum,

304 2207 448 2258 concentu
472 2191 601 2280 quodam
625 2216 680 2257 suo
698 2193 840 2257 inclusam
856 2197 1005 2257 contineat
1020 2192 1135 2258 divinae
1151 2195 1313 2259 voluntatis
1330 2197 1421 2282 signi-

302 2319 484 2396 ficationem3
508 2321 578 2403 quia
600 2319 823 2395 revelationem,
848 2341 865 2381 a
888 2318 952 2382 Deo
976 2321 1042 2404 ipso
1067 2322 1284 2406 consignatam,
1307 2331 1419 2405 poteo-

280 2499 282 2506 .
304 2443 431 2525 totaliter,
461 2455 497 2506 nt
519 2443 687 2506 scholastici
710 2444 806 2520 aiunt,
835 2443 963 2530 implicet
985 2455 1073 2530 atque
1095 2443 1238 2508 involvat.
1282 2444 1349 2530 Ipsa
1371 2444 1421 2507 illa

302 2568 414 2632 locutio
438 2565 657 2642 θεόπνευστος
677 2561 786 2654 γραφὴ
810 2568 925 2632 nullum
948 2589 1067 2633 sensum
1089 2567 1198 2632 habere
1220 2576 1336 2654 potest,
1363 2569 1420 2632 nisi

303 2693 341 2756 ad
370 2705 575 2780 argumentum
604 2696 767 2779 scripturae
795 2696 897 2778 potius
929 2714 1017 2779 quarn
1046 2691 1228 2756 admodum
1251 2695 1420 2779 scriptionis

302 2815 456 2880 reseratur.
501 2816 617 2880 Liceret
644 2819 748 2903 utique
777 2815 813 2879 de
839 2815 1035 2902 scriptoribus
1057 2814 1289 2890 θεοπνεύστοις
1315 2815 1418 2894 dicere,

303 2943 380 3004 sicut
393 2940 517 3027 legimus
534 2935 571 3021 (ll
581 2938 645 3003 Pet.
657 2939 691 3016 11,
708 2936 774 3021 21),
792 2942 919 3026 »spiritu
934 2954 1035 3006 sancto
1051 2943 1195 3028 impulsos
1208 2942 1290 3027 loqui
1301 2952 1420 3004 sanctos

302 3065 358 3129 Dei
383 3065 549 3129 homines«
586 3063 716 3150 Scriptio
743 3077 840 3129 autem
864 3069 1018 3152 quaepiam
1042 3066 1123 3131 nullo
1146 3079 1234 3152 pacto
1259 3064 1420 3129 θεόπνευ-

303 3203 376 3264 στος
397 3190 539 3276 appellari
560 3201 675 3275 potest,
699 3191 757 3253 nisi
780 3192 804 3252 si
827 3194 1044 3275 respexerimus
1067 3190 1105 3254 ad
1128 3190 1201 3254 illud
1224 3189 1279 3256 Dei
1301 3189 1419 3254 effatum

302 3315 385 3401 quod
415 3316 535 3401 scriptio
565 3316 622 3377 ista
650 3313 777 3378 declarat
799 3326 829 3380 et
850 3318 990 3380 continet.
1036 3313 1118 3378 Nihil
1140 3314 1221 3378 aliud
1243 3315 1419 3381 credendum

302 3452 402 3506 censet
421 3437 552 3504 Ecclesia
578 3451 682 3504 nostra
703 3438 883 3525 Anghcana,
913 3461 988 3524 quae
1011 3461 1104 3525 quum
1126 3461 1163 3503 ne
1185 3438 1277 3504 verbo
1301 3440 1419 3527 quidem

301 3577 388 3630 tenus
424 3565 459 3628 de
492 3565 686 3650 inspiratione
701 3556 721 3645 ¹)
753 3564 852 3650 aliqua
883 3566 1056 3628 sententiam
1084 3563 1255 3649 protulerit,
1289 3566 1419 3651 praecise

378 3763 397 3829 ¹)
421 3761 534 3816 Ecclesia
553 3762 691 3835 Anglieana
715 3781 767 3816 non
792 3762 866 3817 aliter
890 3762 992 3817 adhibet
1010 3762 1164 3818 vocabulum
1185 3764 1419 3834 »inspirationem«,

303 3875 379 3930 qnam
404 3859 434 3912 ad
459 3859 528 3913 illam
553 3861 763 3916 illuminationem
789 3860 978 3932 significandam
1002 3879 1051 3931 qua
1070 3861 1179 3914 Sanetus
1199 3861 1310 3932 Spiritus
1330 3863 1419 3934 singu·

300 3956 386 4010 lorum
405 3956 608 4014 Christianorum
627 3967 725 4012 mentes
744 3957 873 4011 informat.
909 3958 960 4012 Nee
979 3960 1028 4012 ista
1045 3977 1098 4014 vox
1116 3956 1189 4011 aliam
1209 3959 1417 4030 significationem

300 4054 378 4108 habet
399 4056 425 4108 in
443 4054 550 4127 Angliea
568 4057 687 4111 versione
706 4056 767 4112 Jobi
781 4055 902 4119 XXXII,
918 4053 944 4109 8.
982 4055 1097 4112 Occurrit
1115 4066 1199 4112 tamen
1218 4057 1304 4112 cedern
1322 4074 1375 4112 vox
1392 4059 1418 4110 ia

301 4153 419 4207 versione
437 4151 455 4205 2
474 4153 542 4208 Tim.
562 4153 615 4218 lll,
634 4151 689 4218 16.,
713 4152 758 4207 ubi
777 4152 875 4206 fallitur
893 4155 1016 4225 interpres
1035 4164 1130 4209 noster.
1167 4154 1230 4208 Nam
1249 4154 1420 4214 θεόπνευστος

301 4248 337 4300 ibi
362 4256 401 4302 est
425 4248 567 4320 epitheton,
599 4249 732 4322 ὠφέλιμος
755 4258 837 4304 autem
861 4251 1031 4321 praedicatum
1056 4253 1204 4307 sentcntiae.
1240 4252 1328 4323 Neque
1352 4252 1417 4305 eninr

300 4342 393 4416 γραφὴ
411 4364 456 4417 per
474 4363 502 4402 ee
520 4351 645 4402 Sacram
664 4347 820 4419 scripturam
840 4348 957 4415 denotet,
981 4367 1027 4405 nec
1043 4349 1115 4404 πᾶσα
1133 4345 1226 4422 γραφὴ
1244 4351 1261 4404 i.
1280 4367 1302 4404 e.
1322 4347 1418 4421 qualis·

300 4460 401 4514 cunque
425 4445 543 4514 scriptio,
568 4453 607 4497 est
630 4445 807 4506 θεόπνευστος.
843 4447 976 4502 Praeterea
993 4445 1047 4515 jam
1067 4455 1140 4502 antea
1158 4447 1257 4503 dixerat
1274 4446 1310 4515 (v.
1325 4445 1370 4516 15)
1388 4443 1419 4502 eei
