3164 5176
771 371 981 482 Q—
1023 331 1025 336 ,

297 564 302 570 „
317 588 406 654 breve
422 584 572 672 quoddam
588 584 761 648 Archilochi
776 581 932 678 ἐπινίκιον
946 585 976 645 in
991 581 1146 646 Herculem
1163 581 1327 657 decantare,
1352 581 1444 665 cujus

320 712 380 776 duo
405 722 566 796 supersunt
588 707 704 771 iambici
727 729 846 770 versus:
1334 698 1343 746 l

531 838 556 905 ai
579 839 741 904 καλλίνικε
765 833 952 924 χαῖρ’ἄναξ
967 836 1140 925 Ἡράκλεες
1169 880 1172 884 ›

531 945 628 1021 αὐτός
650 969 684 1010 τε
705 949 759 1010 καὶ
776 943 900 1022 Ἰόλαος
924 943 1065 1031 αἰχμήτα
1089 942 1157 1020 δύο,

318 1097 346 1149 et
368 1096 413 1147 ter
436 1079 888 1169 interponebaturbephymnium
905 1075 1044 1166 τήνελλα
1059 1076 1230 1157 καλλίνικε,
1255 1082 1341 1166 cujus
1357 1083 1443 1167 prio·

317 1232 378 1273 rem
408 1227 510 1271 vocem
540 1209 805 1270 instrumentorum
840 1227 932 1269 sonos
967 1208 1128 1270 imitantem
1160 1206 1243 1269 chori
1271 1205 1442 1292 praefectus

317 1331 474 1409 recitabat,
498 1329 669 1396 succinebat
691 1343 789 1394 autem
808 1331 918 1395 chorus
936 1334 999 1416 ipse
1016 1331 1251 1396 acclamationem
1268 1329 1443 1395 καλλίνικε.

317 1459 394 1523 Hine
415 1456 538 1523 Pindari
560 1455 609 1519 illa
633 1450 765 1542 (Olymp.
782 1455 840 1531 IX,
857 1450 952 1536 initl:

428 1595 465 1663 cd
488 1603 548 1682 μὲν
565 1594 757 1680 Ἀρχιλόχου
779 1597 876 1680 μέλος

429 1704 563 1790 φωνᾶεν
580 1700 754 1788 Ὀλυμπίᾳ,
778 1702 960 1779 καλλίνικος
982 1699 1000 1766 ὃ
1023 1701 1173 1788 τρίπλοος
1194 1699 1374 1782 κεχλαδώς,

431 1809 547 1899 ἄρκεσε
571 1836 598 1876 κ.
610 1834 637 1874 ι.
649 1808 678 1875 λ.

317 1960 427 2023 Postea
448 1978 519 2020 vero
543 1965 633 2042 poeta
655 1953 762 2039 aliquis
785 1953 951 2040 longiorem
974 1965 1062 2039 atque
1087 1953 1279 2018 excultiorem
1294 1953 1442 2040 hymnum

319 2083 502 2167 composuit,
533 2081 585 2164 qui
613 2082 644 2142 in
675 2081 846 2142 memoriam
872 2079 1010 2142 victoriae
1039 2078 1074 2142 de
1103 2091 1236 2164 ternpore
1266 2082 1297 2143 in
1323 2093 1442 2167 tempus

317 2217 500 2292 repeteretur
515 2197 544 2285 ¹).
590 2202 669 2266 ldem
704 2205 735 2265 in
769 2217 874 2268 nostro
907 2204 1019 2268 cantico
1049 2202 1190 2268 accidisse
1219 2203 1358 2268 credibile
1385 2219 1441 2269 est.

320 2315 449 2407 Scilicet,
474 2351 566 2418 quum
591 2329 706 2393 devicto
727 2327 810 2392 Sisra
832 2329 979 2392 israelitae
1001 2328 1117 2414 plenam
1140 2332 1303 2415 promissae
1326 2329 1442 2394 telluris

318 2458 538 2543 possessionem
566 2453 623 2518 sibi
648 2451 825 2517 videbantur
849 2451 1013 2516 obtinuisse
1041 2466 1069 2517 et
1092 2457 1209 2539 quoties
1233 2473 1336 2518 secura
1359 2467 1443 2518 uan-

319 2581 463 2668 quillitate
485 2578 669 2654 fruebantur,
694 2577 849 2642 verisimile
873 2590 918 2642 est
941 2600 991 2642 eos
1016 2591 1118 2641 coetus
1142 2578 1286 2642 solemnes
1303 2577 1444 2666 frequen-

318 2719 412 2782 tasse,
437 2704 490 2768 ubi
511 2706 682 2769 memoriam
704 2725 803 2768 rerum
827 2715 912 2768 antea
934 2715 1084 2789 gestarum
1100 2703 1298 2780 renovabant,
1324 2717 1354 2768 et
1370 2727 1443 2768 ova-

319 2835 424 2906 tiones,
440 2850 655 2915 nonnunquam
672 2831 759 2892 etiam
774 2829 1008 2903 lamentationes,
1025 2828 1240 2894 instaurabant.
1268 2827 1302 2894 ld
1316 2828 1442 2896 Davidis

318 2976 411 3041 regno
434 2957 591 3041 praecipue
613 2978 645 3048 pr
660 2977 718 3020 usu
734 2954 825 3018 fuisse
842 2953 987 3020 concludo
1003 2976 1040 3017 ex
1055 2953 1121 3019 loeo
1138 2977 1227 3042 quem
1240 2977 1326 3019 nemo
1343 2955 1443 3020 adhue

319 3084 529 3165 interpretatus
554 3091 607 3144 est.
644 3079 754 3166 Nempe
778 3082 809 3142 in
827 3079 955 3144 secunda
973 3079 1021 3144 illa
1035 3078 1103 3144 libri
1118 3079 1275 3144 lasharani
1290 3082 1441 3156 citatiom,

319 3205 340 3268 2
357 3203 436 3270 Sam.
453 3204 479 3280 l,
496 3203 552 3281 18,
576 3206 699 3292 legimus
716 3203 860 3268 Davidem
879 3206 1006 3289 jussisse
1029 3219 1064 3270 ut
1078 3186 1183 3272 ludaei
1205 3208 1341 3272 naeniam
1357 3227 1441 3270 suern

320 3329 356 3396 de
379 3328 472 3396 Saule
501 3342 530 3393 et
552 3329 718 3396 Jonathane
748 3329 911 3395 ediscerent
932 3327 1034 3435 Πίζίξ.
1080 3331 1164 3396 Hanc
1186 3351 1288 3396 vocem
1311 3329 1441 3396 Datbius

319 3465 449 3520 menam
464 3458 589 3520 vertiti.
607 3479 631 3520 e.
650 3477 765 3519 carmen
780 3458 899 3520 metrice
916 3459 1124 3542 compositum.
1157 3456 1328 3534 Lowthius,
1354 3477 1441 3542 quern

320 3583 455 3667 sequitur
479 3579 631 3656 Gesenius,
657 3603 792 3645 »carmen
816 3580 852 3644 de
876 3602 971 3646 arcu«
994 3581 1139 3667 intelligit.
1185 3581 1319 3646 Tbenius
1340 3581 1442 3668 legen·

321 3705 390 3770 dum
407 3719 506 3770 censet
519 3703 609 3810 :PE
624 3707 671 3770 vel
686 3697 806 3811 ηξὶζίρῖ
822 3705 1036 3782 adverbialiter,
1060 3718 1095 3769 ut
1109 3706 1254 3793 significet
1269 3705 1440 3792 diligenter,

320 3831 429 3898 scilieet
462 3833 599 3916 oportuit
627 3830 757 3896 ludaeos
793 3853 907 3896 summa
941 3852 1011 3894 cura
1045 3830 1178 3898 adhibita
1210 3829 1292 3896 istud
1325 3853 1442 3896 carmen

320 3955 457 4022 ediscere.
505 3954 565 4020 Sed
594 3956 697 4043 quidni
727 3954 924 4020 derivabimus
953 3960 1046 4061 RQ
1074 3960 1116 4020 ita
1138 3959 1281 4043 seriptum
1304 3980 1321 4022 a
1342 3957 1442 4022 radice

320 4077 418 4185 ΜΕ
438 4081 572 4167 eoteptc,
597 4083 806 4168 conprepnoit,
830 4094 865 4145 ut
882 4081 1039 4168 significet:
1064 4081 1243 4148 euterootim
1259 4081 1383 4159 scilieet,
1409 4085 1443 4148 in

320 4209 453 4272 coetibus
475 4208 538 4274 auis
562 4218 590 4274 et
612 4207 897 4294 eonprepotionibeas
918 4207 999 4272 illud
1014 4229 1138 4274 carmen
1154 4206 1291 4276 ediscant
1303 4205 1442 4274 Judaott

396 4372 415 4441 ¹)
439 4372 561 4427 Ewaldus
580 4381 652 4444 putat
670 4372 722 4440 (die
741 4371 888 4445 poetischen
900 4371 1001 4427 Bticher
1020 4373 1064 4426 des
1084 4372 1156 4427 alten·
1170 4373 1274 4430 Butades
1293 4371 1319 4440 l,
1337 4391 1363 4445 p.
1378 4371 1443 4443 105>

320 4471 369 4526 hoc
388 4471 511 4527 caudeam
531 4471 598 4528 leste
618 4470 733 4526 Paschali
753 4471 873 4528 Sbilunta
892 4471 1051 4528 decantatum
1071 4487 1136 4528 esse.
