3160 5170
812 353 889 427 220

292 569 347 631 erit
368 564 496 631 breviter
511 565 665 630 ostendere
681 565 739 630 hoc
753 586 860 652 poema
876 562 1038 629 Solomone
1052 577 1193 653 regnante
1209 567 1412 652 couscriptum

291 713 364 767 esse,
390 713 424 755 eo
443 691 565 755 consilio
581 703 616 754 ut
631 693 750 776 quintae
765 689 922 753 Iasharaui
938 691 1131 777 syntagmatis
1147 693 1225 776 parti
1240 689 1410 754 adderetur.

291 816 422 881 Primum
448 836 554 879 moneo
579 814 698 879 Iudaeis
722 817 839 878 minime
862 817 1035 877 inusitatum
1059 812 1149 878 luisse
1171 814 1306 878 Psalmos
1328 814 1413 879 Mosi

292 940 460 1006 attribuere.
494 940 537 1002 Ita
552 939 687 1004 Psalmus
702 937 780 1016 XC,
799 959 915 1002 carmen
930 937 1178 1025 elegantissimum
1195 951 1225 1003 et
1237 941 1412 1004 recentioris

292 1066 377 1153 styli,
403 1067 508 1129 summi
530 1065 610 1128 illius
625 1064 789 1152 prophetae
805 1085 838 1127 ac
854 1063 937 1128 ducis
953 1067 1071 1127 nomine
1086 1062 1266 1128 inscribitur.
1295 1062 1412 1128 Deinde

291 1213 361 1255 vero
385 1191 433 1254 hic
456 1203 558 1254 noster
572 1188 707 1253 Psalmus
730 1187 867 1276 pluribus
890 1188 963 1252 locis
987 1192 1185 1274 aprecatione
1205 1188 1255 1251 illa
1269 1188 1315 1252 vel
1326 1187 1413 1274 jubi-

291 1317 415 1392 latione,
447 1338 522 1402 quae
550 1318 581 1380 in
606 1318 703 1402 primo
728 1312 873 1378 Samuelis
896 1311 972 1377 libro
998 1316 1091 1399 capite
1115 1313 1245 1377 secundo
1268 1316 1412 1377 inseritur

291 1444 332 1505 ita
362 1461 521 1527 expressus
552 1452 610 1516 est,
641 1451 676 1502 ut
704 1439 838 1502 servilem
865 1441 1023 1502 imitatoris
1052 1460 1169 1501 manum
1199 1437 1281 1501 lacilc
1305 1438 1412 1526 depre-

291 1565 413 1630 hendas.
451 1565 504 1628 llla
524 1567 654 1651 precatio
678 1563 815 1641 Hanuae,
840 1561 985 1628 Samuelis
1008 1567 1110 1640 matri,
1135 1567 1312 1651 assignatur.
1350 1562 1412 1628 Sed

292 1713 384 1778 quum
407 1714 422 1756 e
444 1712 543 1754 rerum
566 1703 595 1753 et
618 1691 828 1754 sententiarum
851 1711 930 1752 nexu
951 1689 1023 1752 mibi
1037 1691 1249 1775 persuasissem
1265 1687 1411 1753 Davidem

292 1837 354 1880 esse
381 1815 499 1879 illorum
524 1814 681 1880 verborum
708 1827 871 1890 auctorem,
901 1827 1006 1900 postea
1028 1813 1090 1877 vidi
1113 1817 1313 1901 nuperrimam
1337 1836 1412 1878 eun·

292 1940 416 2027 demque
433 1940 635 2004 doctissimum
650 1938 792 2003 librorum
810 1939 1020 2003 historicorum
1036 1941 1238 2026 interpretem,
1260 1938 1411 2004 Othonem

293 2065 454 2140 Theuium,
479 2063 601 2127 eandem
624 2065 796 2126 sententiam
820 2063 986 2150 amplexum
1011 2086 1074 2128 esse
1097 2059 1324 2152 (kurzgelalstes
1341 2087 1411 2130 exe·

291 2189 435 2278 getisches
458 2187 625 2252 Haudhueh
649 2211 675 2251 z.
692 2187 730 2253 A.
748 2187 785 2251 T.
809 2190 901 2251 vierte
916 2187 1076 2276 Lieleruug
1097 2211 1127 2275 p.
1145 2184 1189 2271 8).
1233 2189 1277 2252 De
1300 2189 1357 2254 hac
1378 2212 1410 2254 re

292 2313 387 2378 lusius
411 2312 570 2400 disputabo
595 2335 687 2400 quum
710 2312 748 2376 ad
771 2335 804 2377 ea
822 2312 978 2378 Iasharaui
1000 2313 1067 2377 libri
1091 2312 1254 2401 fragmenta
1276 2315 1411 2378 accedam

292 2461 367 2527 quae
394 2441 424 2502 iu
454 2437 537 2502 libris
568 2437 738 2503 Samuelicis
769 2451 968 2502 asservantur.
1017 2437 1106 2522 Quod
1134 2442 1159 2503 si
1188 2439 1235 2504 vel
1264 2438 1410 2504 Samuelis

291 2577 413 2628 matrem
440 2567 571 2627 imitatus
601 2576 646 2628 est
669 2576 751 2627 vates
780 2577 897 2640 noster,
929 2567 954 2627 is
985 2567 1088 2652 utique
1110 2565 1198 2652 longe
1220 2578 1293 2652 post
1313 2565 1410 2629 Mosis

291 2703 425 2777 tempora
455 2693 572 2752 vixerit.
622 2687 687 2753 Iam
717 2711 788 2752 vero
819 2689 876 2752 loci
907 2686 1016 2775 quibus
1046 2689 1141 2755 Mosis
1173 2689 1256 2777 quod
1284 2703 1411 2756 vocatur

292 2818 436 2879 canticum
457 2813 578 2878 Hannae
609 2836 685 2901 quae
707 2826 833 2878 vocatur
859 2817 1058 2900 precationem
1086 2803 1240 2902 exprimit,
1270 2816 1302 2880 hi
1325 2829 1409 2880 sunt:

290 2939 378 3003 Deut.
395 2937 527 3014 XXXII,
545 2936 584 3002 31
611 2961 649 3002 ex
675 2938 689 3003 1
706 2938 786 3003 Sam.
802 2939 842 3015 ll,
860 2938 895 3016 23
919 2939 1007 3002 Deut.
1023 2939 1154 3016 XXXII,
1173 2938 1215 3006 39
1239 2963 1277 3004 ex
1298 2939 1409 3006 ISam.

290 3065 329 3138 ll,
347 3060 384 3140 63
420 3061 508 3126 Deut.
525 3061 655 3140 XXXII,
672 3061 820 3140 tlt-43,
851 3063 995 3140 XXXIII,
1013 3063 1033 3129 3
1056 3087 1094 3128 ex
1120 3064 1134 3129 1
1155 3064 1234 3130 Sam.
1250 3065 1289 3143 lI,
1308 3064 1337 3143 9,
1357 3064 1408 3132 10.

292 3187 352 3253 Sed
386 3186 467 3251 nulla
499 3186 664 3252 evidentior
698 3200 743 3251 est
775 3191 947 3252 imitationis
975 3201 1047 3253 nota
1076 3211 1164 3276 quam
1193 3194 1218 3255 si
1247 3193 1314 3278 quis
1341 3211 1410 3278 per-

290 3325 409 3401 petuam
433 3325 462 3375 et
484 3313 632 3377 solennem
657 3313 777 3377 alterius
800 3313 980 3378 locutionem
1003 3327 1166 3380 mutuatur.
1205 3315 1313 3380 Davidi
1337 3337 1408 3380 vero

290 3442 445 3527 proprium
468 3451 514 3502 est
534 3438 645 3515 Deum,
670 3443 722 3526 qui
744 3438 859 3526 refugio
884 3451 929 3503 est
952 3452 980 3502 et
1002 3440 1162 3525 praesidio,
1186 3464 1296 3528 mapsam
1319 3435 1409 3523 (will)

290 3587 405 3629 vocare.
451 3561 520 3628 Nou
548 3564 638 3627 modo
669 3567 701 3627 in
729 3563 851 3628 Haunae
879 3566 1064 3651 precatione,
1098 3587 1187 3652 quam
1214 3565 1321 3630 Davidi
1351 3567 1410 3630 hoc

290 3702 464 3777 argumento
492 3692 650 3776 praecipue
677 3702 777 3752 motus
806 3688 954 3766 attribuo,
985 3689 1037 3754 sed
1065 3693 1096 3754 in
1124 3694 1159 3755 iis
1183 3692 1307 3756 Psalmis
1330 3713 1409 3778 quos

289 3838 375 3880 nemo
400 3812 515 3878 dubitet
536 3812 660 3877 Davidis
683 3817 801 3878 nomine
823 3816 980 3901 insignire,
1012 3815 1084 3879 haec
1106 3817 1217 3881 locutio
1242 3839 1354 3881 summa
1378 3820 1408 3880 vi

290 3939 457 4005 adhibetur.
491 3939 534 4002 lta
554 3942 585 4002 in
599 3938 717 4002 Psalmo
733 3939 844 4017 XVIII,
862 3938 891 4003 3.
918 3939 938 4004 2
955 3938 1035 4005 Sam.
1051 3939 1150 4017 XXII,
1169 3939 1188 4006 3
1213 3945 1287 4006 etin
1302 3941 1408 4006 ultimo

289 4066 412 4130 Davidis
436 4067 549 4129 cantico
574 4062 690 4128 2Sam.
707 4063 818 4140 XXIII,
837 4062 856 4129 3
879 4064 996 4129 Iehova
1019 4066 1184 4153 appellatur
1205 4090 1307 4152 rupes.
1347 4066 1409 4132 Sed

290 4194 421 4256 imitator
450 4203 552 4254 noster
578 4213 640 4254 non
669 4191 740 4254 satis
770 4188 876 4255 habuit
902 4192 979 4256 hanc
1005 4192 1185 4256 locutionem
1208 4191 1296 4255 semel
1319 4204 1408 4280 atque

290 4319 410 4394 iterum,
435 4319 520 4403 quasi
537 4328 644 4404 sponte
660 4339 728 4394 sua,
753 4317 909 4395 adhibere3
934 4320 1029 4382 sexies
1045 4320 1076 4381 in
1091 4317 1150 4381 hoc
1166 4320 1291 4382 carmine
1306 4316 1409 4382 eadem

290 4439 362 4505 haec
391 4442 566 4529 metaphora
592 4446 717 4509 recurrit
740 4439 845 4525 (Dent.
862 4441 992 4519 XXXII,
1008 4440 1040 4521 4,
1061 4440 1111 4520 15,
1131 4441 1181 4520 18,
1199 4439 1251 4520 30,
1268 4439 1321 4518 31,
1339 4437 1407 4524 37),
