3160 5170
607 375 820 486 *am-

241 588 403 674 Praecepta
429 588 539 674 prioris
568 583 686 652 tabulae
714 585 825 650 nullam
855 584 1056 652 difficultatem
1078 608 1181 674 parere
1204 610 1279 676 pos·

155 726 234 778 sunt.
280 713 379 776 Prima
409 711 470 775 duo
498 710 536 775 ad
558 709 689 775 Jehovae
720 710 831 776 cultum
861 711 1087 776 sustentandum
1116 715 1274 799 pertinent.

153 836 228 903 Nam
252 861 270 901 a
294 859 364 901 vcro
387 836 451 901 Deo
476 835 635 900 desciscere
661 847 827 921 potuerunt
848 836 996 902 Israelitae
1019 837 1067 901 vel
1089 859 1156 902 cnm
1178 837 1276 904 idolo-

152 964 239 1030 latria
261 963 308 1027 vel
337 965 399 1026 sine
427 960 605 1026 idololatria.
651 959 821 1026 Potuerunt
849 963 935 1026 etiam
958 961 1118 1040 Jehovam,
1149 975 1179 1028 et
1201 963 1275 1028 alios

153 1103 270 1177 praeter
291 1089 393 1174 lpsum
415 1086 510 1163 Deos,
541 1089 684 1151 venerari.
724 1085 824 1172 Atque
847 1085 906 1151 hoc
929 1086 1046 1174 quidem
1068 1090 1165 1174 primo
1189 1109 1275 1175 prae-

154 1228 239 1300 cepto
264 1216 388 1278 vetitum
418 1225 476 1289 est,
506 1210 559 1276 ubi
582 1185 733 1315 *gg-513(
749 1233 854 1276 coram
875 1233 939 1294 me,
970 1211 1008 1276 ad
1037 1213 1275 1298 conjunctionem

153 1342 216 1405 veri
239 1337 364 1425 falsique
388 1338 484 1401 cultus
507 1339 643 1423 pertinet.
679 1335 850 1401 Idololatria
873 1349 970 1400 autem
993 1336 1205 1424 qualiscunque
1229 1360 1276 1402 sc·

154 1463 252 1530 cundo
275 1462 414 1528 mandato
438 1461 632 1528 interdicitur.
666 1462 700 1525 ln
723 1465 810 1526 tertio
833 1474 991 1548 praecepto
1012 1483 1098 1526 nemo
1114 1461 1274 1530 Hebraicac

153 1590 271 1677 linguae
293 1588 395 1676 paullo
419 1590 544 1675 peritior
566 1589 596 1652 in
620 1587 792 1651 tralaticium
816 1608 918 1651 eorum
942 1609 1071 1652 errorem
1094 1587 1192 1666 cadet,
1223 1592 1275 1676 qui

152 1728 262 1803 putant
283 1715 359 1779 hanc
381 1713 474 1800 legem
499 1711 537 1777 ad
550 1711 683 1778 Jehovae
706 1734 814 1776 nomen
837 1725 944 1776 temere
967 1711 1114 1778 effutitum
1132 1727 1273 1800 spectare.

152 1841 228 1906 Nam
252 1814 357 1910 atrab
379 1840 457 1903 idem
477 1837 555 1902 valet
579 1859 612 1903 ac
635 1812 764 1944 ffpw'53
790 1836 826 1901 el.
842 1836 941 1902 Exod.
958 1836 1031 1915 XX,
1054 1835 1093 1902 13
1113 1836 1197 1945 'le
1214 1847 1272 1932 ἾΡ,

153 1967 241 2031 Dent
254 1965 293 2042 V
313 1963 350 2031 11
377 1960 456 2070 &lidi
479 1971 538 2055 ἾΡ
573 1961 689 2028 Nomen
711 1962 873 2029 Jehovae
865 1986 895 2028 ru
914 1961 1111 2049 jurejurando
1135 1965 1274 2032 adhibere

153 2115 214 2157 non
238 2094 377 2167 vetitum,
401 2045 455 2154 sed
477 2101 665 2176 praeceptum
690 2101 734 2152 est
755 2088 893 2153 Israelitis
918 2088 1019 2171 (Dent.
1033 2089 1087 2166 Vl,
1107 2086 1171 2174 13).
1205 2091 1276 2156 Rel-

151 2218 293 2305 ligionem
314 2219 406 2303 igitur
427 2213 590 2302 migrabat,
616 2217 784 2301 quicunque
806 2215 894 2278 talem
908 2218 1098 2310 sanctionem
1120 2238 1274 2304 perperam

153 2341 299 2406 adhibuit.
345 2338 449 2427 Neque
472 2339 544 2404 hacc
566 2340 615 2405 lex
638 2361 750 2404 nonum
773 2352 962 2426 praeceptum
986 2343 1135 2424 anticipat.
1170 2341 1275 2406 Pereat

154 2472 231 2534 enim
254 2471 286 2532 iu
300 2466 459 2543 dehoram,
484 2467 503 2528 i.
521 2487 545 2530 e.
569 2477 670 2529 contra
689 2465 848 2549 pietatem,
873 2467 925 2550 qui
940 2463 995 2527 Dei
1017 2485 1124 2530 nomen
1148 2467 1179 2530 in
1194 2487 1274 2532 meu·

154 2594 229 2659 dacii
252 2584 498 2658 asseverationem
522 2593 667 2657 enunciat.
701 2589 808 2652 Peccat
822 2592 855 2652 in
869 2590 998 2652 vicinum
1014 2610 1101 2653 suum
1124 2592 1144 2652 i.
1161 2611 1186 2653 a.
1204 2611 1274 2654 con-

154 2719 372 2804 trajectitium,
390 2721 442 2805 qui
458 2717 661 2804 qualecunque
676 2714 860 2780 mendacium
872 2713 910 2778 ad
922 2713 1041 2797 alterius
1054 2714 1274 2781 incommodum

152 2844 321 2933 protulerit.
370 2841 514 2925 Quartum
543 2855 572 2907 et
595 2844 730 2928 quintum
759 2852 949 2927 praeceptum
975 2838 1014 2902 ad
1038 2837 1134 2904 cilicia
1156 2843 1273 2927 pictatis

153 2968 269 3058 agenda
289 2971 447 3056 pertinent.
482 2967 627 3032 Jehovam
650 2970 774 3054 septimo
799 2987 920 3053 quoque
944 2965 990 3029 dic
1011 2964 1144 3044 adorari,
1167 2988 1275 3054 paren·

152 3109 197 3162 tes
219 3107 342 3159 nostros
364 3105 509 3180 perpetuo
533 3092 648 3158 honore
671 3104 700 3156 ct
723 3090 867 3179 obsequio
884 3089 1000 3166 lovere,
1026 3111 1127 3155 omnes
1145 3106 1273 3180 oportet,

154 3225 207 3310 qui
228 3219 387 3308 probitatis
411 3218 528 3285 laudem
551 3231 580 3282 et
601 3220 732 3305 praemia
754 3217 811 3280 sibi
831 3216 1001 3303 deposcant.
1036 3215 1112 3280 lllnd
1128 3221 1180 3303 qui
1193 3217 1272 3296 facit,

152 3351 179 3412 is
202 3345 376 3412 recordatur
400 3345 472 3423 diei,
497 3366 557 3432 quo
582 3343 697 3409 Jehova
719 3343 864 3430 populum
888 3363 975 3405 suum
999 3361 1037 3404 ex
1059 3340 1199 3427 Aegypto
1224 3343 1274 3408 de-

154 3473 256 3550 duxit,
286 3493 347 3559 quo
371 3470 458 3537 Jesus
486 3491 643 3559 resurgens
673 3467 711 3532 ad
740 3466 894 3531 coelestem
922 3464 1162 3550 tranquillitatem
1186 3465 1273 3532 nobis

154 3601 232 3662 viam
256 3601 387 3683 aperuit;
411 3598 470 3662 hcc
494 3601 545 3685 qui
567 3595 652 3671 facit,
676 3597 701 3658 is
717 3591 891 3657 recordatur
906 3589 1068 3655 naturalem
1083 3611 1167 3654 suam
1183 3594 1274 3656 vitam
1342 3601 1346 3608 '

152 3723 327 3815 parentibus
351 3727 413 3788 suis
437 3722 552 3799 deberi,
577 3734 606 3785 et
629 3722 680 3807 qui
698 3730 833 3782 auctores
851 3720 926 3782 istos
941 3719 1019 3780 vitae
1035 3739 1097 3781 nou
1111 3730 1271 3795 reveretur,

153 3855 179 3916 ie
202 3849 337 3939 profecto
360 3850 525 3937 longiorem
548 3847 733 3932 laustamquc
756 3847 847 3908 vitam
868 3866 930 3910 non
953 3846 1076 3908 meritus
1100 3856 1153 3907 cst.

244 3975 382 4062 Quinque
400 3972 628 4060 prohibitiones,
653 3991 728 4058 quae
744 3971 864 4034 alteram
879 3968 1010 4034 tabulam
1026 3969 1182 4055 complent,
1208 3989 1272 4032 cum

152 4101 262 4189 triplici
289 4099 538 4187 baptizandorum
570 4097 826 4162 abrenuntiatione
856 4100 963 4162 mirum
992 4100 1022 4160 in
1052 4094 1174 4160 modum
1203 4117 1274 4158 con·

154 4232 265 4293 cinnnt.
294 4225 375 4290 lllam
399 4223 689 4289 abrenunciationem
712 4246 728 4288 a
751 4225 909 4310 primitivis
932 4244 1028 4308 usque
1044 4220 1227 4307 temporibus
1242 4224 1273 4283 iu

153 4353 283 4418 Ecclesia
311 4363 487 4439 usurpatam
514 4373 591 4427 esse,
623 4362 651 4413 et
673 4350 747 4412 nihil
771 4346 851 4412 aliud
874 4346 965 4411 fuisse
989 4368 1076 4432 quam
1100 4344 1173 4409 illud
1197 4359 1273 4410 συν·

154 4475 304 4562 ειδὴσεως
326 4472 457 4561 ἀγαθῆς
480 4473 668 4560 ἐπερώτημα
691 4474 735 4551 εἰς
758 4469 853 4550 θεὸν,
878 4473 960 4562 quod
975 4493 1079 4538 verum
1101 4485 1189 4558 atque
1211 4446 1273 4536 cffi-
