3166 5178
842 309 896 382 -46

313 541 402 608 quam
429 519 600 608 longissime
623 517 780 597 abhorret3
810 519 884 584 adeo
907 531 943 583 ut
964 519 1015 584 illa
1037 516 1128 583 arhor
1150 517 1189 582 ad
1211 520 1301 582 vitam
1325 519 1458 625 tempi-1

313 657 440 722 ternam,
470 643 543 709 hacc
570 657 669 710 autem
698 643 737 709 ad
762 656 888 710 mortem
911 643 1066 709 conducat.
1112 643 1179 708 Jam
1201 664 1273 708 vero
1297 642 1437 708 centralis

314 771 566 856 concupiscentiae
589 771 650 845 vis,
683 771 708 833 si
731 768 769 833 ad
791 768 946 846 moralem,
978 789 1054 856 quae
1076 767 1265 855 perhibetur,
1293 769 1437 832 virtutem

314 906 495 980 spectamus,
523 891 696 980 fornicatio
727 907 786 971 est,
823 895 842 957 i.
866 915 891 958 e.
922 896 1018 980 stupri
1050 893 1235 958 consuetudo
1260 891 1306 956 v'ol
1333 891 1438 956 illicita

314 1019 443 1082 sexualis
478 1022 628 1106 appetitus
662 1017 854 1106 indulgentia.
906 1016 940 1082 Si
974 1018 1013 1082 ad
1040 1019 1223 1106 relligionem
1249 1019 1436 1104 respicimus,

314 1142 415 1208 eadem
437 1145 548 1230 peccati
572 1142 734 1208 dominatio
758 1145 788 1206 iu
811 1142 994 1220 idololatria,
1020 1146 1082 1209 sive
1104 1146 1136 1206 in
1158 1142 1287 1209 sensuali
1300 1140 1437 1206 Deorum

315 1268 412 1344 siritu,
437 1270 575 1333 cernitur.
616 1267 712 1350 Quam
735 1279 813 1332 arcte
837 1267 923 1332 binae
945 1271 1057 1355 peccati
1079 1268 1187 1354 pheses
1210 1270 1340 1332 intense
1363 1287 1437 1332 con·

315 1405 439 1480 gruem,
467 1395 538 1457 satis
563 1391 725 1458 ostendunt
747 1405 860 1476 ueteres
883 1390 1025 1469 Hebraei,
1055 1394 1107 1479 qui
1129 1394 1291 1480 imaginum
1313 1413 1437 1456 venera·

314 1520 425 1582 tionun
440 1539 496 1604 pro
511 1530 644 1582 scortatu
656 1517 786 1604 quodam
802 1539 917 1604 semper
928 1517 1094 1583 habendam
1109 1517 1292 1582 confirmant.
1316 1514 1437 1599 »Quae-

315 1665 383 1707 nam
406 1665 468 1730 pax
491 1665 554 1708 esse
576 1655 706 1729 potest«,
731 1646 773 1708 ait
787 1642 865 1707 dehu
890 1639 923 1724 (2
939 1643 1033 1731 Regg.
1048 1642 1107 1719 IX,
1125 1638 1190 1724 22),
1215 1642 1306 1706 »dum
1327 1640 1437 1706 durant

315 1770 643 1862 commoneamur
665 1771 685 1832 i.
701 1790 727 1833 e.
749 1766 927 1844 idololatria,
951 1767 1080 1832 Isabelae
1094 1771 1196 1831 matris
1212 1766 1323 1832 tuaei«
1346 1765 1437 1832 Simi-

317 1892 385 1956 liter
405 1891 561 1968 Jeremias,
589 1862 723 1971 Ezelriel,
749 1891 850 1957 Hosca
872 1892 980 1979 aliique
1002 1892 1165 1979 prophetae
1187 1889 1335 1957 vocabulo
1358 1896 1437 1981 nttt

318 2017 365 2080 vel
392 2021 499 2107 nibli}
527 2039 556 2104 q.
578 2016 608 2080 d.
637 2027 778 2103 serapoeum
800 2017 847 2081 vel
874 2003 1090 2082 scortationum
1116 2029 1244 2083 utuntur
1272 2016 1311 2081 ad
1338 1985 1437 2080 idoloss

316 2141 431 2205 ramam
454 2111 674 2228 §minuerem
695 2136 745 2222 (u.
762 2141 822 2206 ur.
838 2141 889 2218 ur,
907 2138 937 2207 a.
962 2141 1042 2218 xm,
1060 2140 1113 2206 at.
1136 2140 1191 2206 uz.
1206 2140 1292 2217 xu,
1310 2137 1367 2217 ae,
1381 2138 1434 2206 as.

317 2265 427 2343 XXIII,
444 2264 475 2342 8,
492 2264 541 2342 17,
556 2264 608 2330 27.
631 2265 738 2344 XLIII,
757 2264 787 2343 7,
801 2263 832 2331 9.
855 2266 930 2331 Ηοε.
945 2265 997 2343 Ν,
1013 2263 1064 2331 11.
1086 2265 1143 2343 Vl,
1160 2261 1223 2346 to).
1251 2265 1291 2329 Et
1306 2264 1436 2330 Sirachi·

319 2390 370 2456 des
393 2391 500 2456 diserte
522 2389 649 2455 affirmat
672 2385 817 2477 (Sapient.
833 2390 913 2468 XIV,
934 2389 983 2467 12,
1001 2387 1072 2474 27)ι
1095 2386 1177 2476 ἆρχη
1200 2387 1262 2474 γὰρ
1284 2392 1438 2475 πορνείας

318 2513 446 2582 ἐπίνεια
474 2511 636 2593 εἰδώλων,
666 2513 788 2602 εὕρεσις
816 2515 854 2581 δὲ
877 2511 985 2581 αὐτῶν
1007 2509 1124 2601 φθορὰ
1148 2513 1235 2600 ζωῆς.
1257 2547 1302 2562 -·
1329 2506 1349 2599 p‘
1373 2509 1435 2599 γὰρ

318 2646 384 2707 τῶν
415 2634 598 2724 α’ναινύμων
630 2637 774 2706 εἰδώλων
806 2643 964 2724 θρησκεία
991 2635 1113 2715 παντὸς
1141 2633 1223 2725 ἀρχῆ
1253 2642 1354 2705 κακοῦ
1382 2644 1437 2704 καὶ

319 2765 406 2830 αἰτία
434 2769 488 2829 καὶ
516 2766 616 2851 πέρας
644 2762 739 2830 ἐστίν.
783 2765 860 2830 Ηίαε
887 2765 1098 2852 profluxerunt
1120 2763 1349 2852 significationes
1371 2765 1436 2830 illac

320 2912 395 2978 quae
423 2889 503 2976 apud
531 2893 690 2976 scriptores
721 2889 903 2977 apostolicos
931 2887 1043 2977 ubique
1071 2901 1241 2954 occurrunt.
1287 2890 1330 2954 Ita
1360 2893 1436 2954 enirn

320 3036 419 3079 veram
442 3015 590 3080 ecclesiam
619 3015 782 3103 alloquitur
803 3015 969 3080 D.,Paulns
994 3009 1027 3096 (2
1043 3015 1082 3079 ad
1098 3012 1168 3080 Cor.
1184 3014 1241 3091 XI,
1259 3011 1307 3097 2)ι
1337 3010 1437 3101 ippo-

321 3139 427 3225 σάμην
448 3135 531 3225 ripule
554 3136 601 3204 §vt
624 3132 722 3226 ἀνδρὶ
743 3142 916 3226 παρθένον
939 3133 1041 3224 ἁγνὴν
1063 3139 1267 3225 παραστῆσαι
1288 3141 1334 3226 σῷ
1353 3142 1437 3222 Χρι-

321 3254 393 3353 στῷ.
422 3263 534 3332 Contra
549 3278 647 3332 autem
663 3268 870 3353 superstitiosa
883 3265 980 3330 Roma
996 3263 1172 3330 describitur
1187 3260 1295 3350 (Apoc.
1308 3263 1388 3341 XIX,
1402 3259 1435 3345 2)

320 3401 475 3477 tanquam:
499 3387 517 3477 ἢ
540 3390 644 3475 πόρνη
667 3387 685 3476 ἡ
710 3389 833 3475 μεγάλη
855 3386 923 3475 η’πις
945 3385 1082 3476 ἔφθειρε
1104 3382 1163 3474 την
1178 3389 1240 3474 γῆν
1254 3386 1290 3454 ἓν
1304 3386 1342 3480 τῇ
1357 3407 1437 3473 περ·

321 3518 393 3597 oete
415 3511 523 3601 αὐτῆς.

409 3637 470 3703 Nec
494 3639 661 3726 negandum
684 3652 744 3718 est,
777 3640 849 3725 quin
871 3637 1089 3726 polytheismus
1112 3649 1143 3703 ct
1162 3636 1340 3726 polyandria
1361 3640 1437 3706 inter

320 3775 434 3828 vetares
462 3767 596 3828 nationes
625 3767 707 3830 miris
735 3763 831 3829 modis
860 3775 1077 3828 concurrerent.
1123 3762 1198 3828 Nam
1224 3786 1261 3829 ne
1285 3764 1379 3829 dicam
1401 3764 1435 3829 de

319 3887 444 3954 Veneris
467 3887 548 3975 apud
563 3886 752 3965 Corinthios,
777 3889 910 3974 aliosque
926 3886 1069 3967 Graecos,
1094 3889 1243 3976 impudica
1264 3888 1435 3954 adoratione

321 4009 402 4096 (ride
425 4012 464 4078 ad
478 4011 564 4078 Pind.
580 4009 748 4099 Fragment.
765 4008 830 4095 87),
856 4026 973 4078 constat
993 4036 1104 4080 numen
1126 4012 1201 4078 illud
1216 4012 1434 4078 Midianitarum

321 4151 351 4203 et
364 4137 579 4215 Moabitarum,
603 4136 854 4222 Boot-Peraean,
879 4139 964 4226 enjus
986 4119 1098 4203 cultum
1112 4137 1259 4202 israelitae
1280 4141 1434 4226 praecipue

321 4266 413 4330 vitare
438 4261 599 4342 debebant,
629 4285 690 4328 non
713 4263 803 4328 alium
822 4261 916 4330 luisse
939 4285 973 4328 ac
994 4263 1165 4350 Ρνλαηιιαιι,
1195 4265 1257 4330 sive
1279 4263 1434 4350 phallicum

321 4389 518 4476 generationis
542 4387 644 4467 deurn,
672 4399 761 4477 atque
784 4387 822 4454 ad
845 4391 930 4477 orgia
951 4389 1015 4475 ejus
1038 4387 1269 4457 concelebranda
1290 4387 1434 4477 publicam
