3164 5176
689 344 764 419 285

256 578 305 620 vv.
322 553 463 622 24-27.
491 553 561 621 Non
577 577 677 622 omncs
694 561 765 623 satis
780 509 998 636 intellexerunt,
1015 559 1167 646 quommh
1183 559 1285 626 dahela

165 679 281 746 facinus
300 703 387 746 suum
402 685 572 770 patraverit.
604 681 644 749 Ut
659 683 730 749 mihi
745 684 872 762 videtur,
896 697 1056 773 postquem
1070 685 1200 774 profugo
1217 685 1285 752 duci

166 807 296 873 dedisset
319 808 362 872 lac
386 809 567 886 camelinum,
593 809 675 896 quod
695 813 756 875 vim
778 808 941 875 inebriandi
963 809 1062 888 hahet,
1087 824 1206 899 sumpto
1231 812 1285 877 oh·

164 931 339 998 dormientis
363 938 457 1022 capite
480 938 511 999 in
533 937 678 1023 gremium
700 957 803 1013 sumn,
828 934 962 1000 dextram
985 936 1023 1000 ad
1043 936 1189 1015 malleum,
1213 941 1285 1002 sini-

164 1071 257 1123 stram
284 1058 322 1123 ad
343 1061 459 1126 clavum
483 1061 546 1147 ejus
563 1037 683 1148 'generis
708 1083 768 1148 quo
792 1065 920 1127 tentoria
941 1061 1123 1150 figebantur,
1151 1062 1285 1129 extendit

162 1183 279 1270 perfida
301 1185 419 1264 mulier,
451 1199 539 1274 atquc
562 1189 617 1263 ita,
646 1184 820 1252 Machethae
844 1189 950 1264 instar,
975 1187 1113 1254 fidentem
1136 1189 1284 1276 hospitem

163 1311 257 1373 exitio
282 1309 371 1376 dedit.
406 1312 471 1377 Hoc
493 1311 567 1376 illud
590 1325 644 1390 est,
668 1311 751 1399 quod
774 1315 889 1398 poetria
912 1313 1058 1400 significat
1073 1311 1185 1378 Sisram
1206 1316 1284 1377 inter

162 1433 284 1500 Jahelae
306 1435 396 1523 pedes
420 1412 546 1544 (ῃὶξῇ
569 1432 637 1539 ΓΞ)
662 1437 808 1502 recidisse.

254 1583 303 1626 vv.
326 1561 478 1627 28-30.
514 1562 622 1627 Ultima
646 1562 760 1628 Cantici
789 1563 912 1650 strophe
938 1575 1061 1628 matrem
1087 1563 1187 1628 Sisrae
1216 1585 1283 1628 cum

163 1690 308 1750 matronis
336 1690 398 1752 suis
429 1688 644 1776 colloquentem
672 1688 794 1753 inducit.
833 1688 891 1752 Per
913 1688 1056 1753 fenestrae
1086 1689 1228 1754 cancellos
1251 1691 1282 1754 in

163 1815 243 1876 viam
273 1811 495 1879 Charoshethae
523 1813 671 1901 publicam
702 1816 886 1901 prospiciens
915 1811 1026 1878 frustra
1052 1815 1282 1901 triumphantem

163 1938 218 2002 filii
241 1941 288 2002 sui
310 1938 437 2004 reditum
460 1942 557 2004 animo
581 1943 733 2028 praecipit,
758 1953 787 2004 et
802 1937 872 2004 dum
889 1938 925 2004 de
941 1943 1125 2006 cunctatione
1142 1962 1282 2005 curruum

164 2061 340 2142 ferreorum,
366 2068 418 2153 qui
440 2078 526 2130 antea
547 2078 608 2131 tam
631 2087 717 2154 saepe
737 2065 840 2154 spoliis
858 2069 959 2131 onusti
973 2069 1084 2132 reversi
1099 2080 1190 2143 erant,
1215 2088 1282 2131 cum

164 2192 228 2254 suis
243 2190 415 2256 mulieribus
431 2194 632 2280 conqueritur,
649 2213 754 2256 vanam
770 2191 827 2256 sibi
838 2195 979 2257 victoriae
992 2195 1147 2279 imaginem
1158 2191 1279 2279 effingit.

163 2315 228 2380 Etsi
250 2317 308 2380 tale
330 2321 462 2404 poetriae
485 2317 639 2382 artificium
660 2340 714 2404 per
737 2341 768 2382 se
792 2319 889 2404 quiris
912 2316 994 2381 facilc
1016 2318 1175 2404 intelligat,
1199 2322 1282 2404 equi·

164 2439 230 2506 dem
254 2441 422 2530 deperditae
444 2443 585 2508 historiae
608 2441 803 2530 fragmentum
825 2445 857 2507 in
876 2443 934 2506 hoc
949 2445 1032 2506 exitu
1049 2439 1194 2508 Carminis
1209 2443 1281 2506 mihi

164 2568 391 2656 deprehendisse
414 2568 526 2634 videor.
566 2566 687 2656 Nempe,
713 2590 805 2656 quum
827 2570 955 2632 victores
978 2567 1124 2632 israelitae
1147 2571 1177 2631 in
1202 2565 1281 2632 Cha·

163 2693 335 2759 roshetham
357 2697 537 2782 irruperunt,
562 2693 603 2758 ihi
627 2697 725 2758 omnia
748 2697 779 2758 in
801 2693 985 2780 triumphum
1004 2705 1147 2781 apparata
1161 2696 1281 2757 invene-

162 2833 244 2898 runt,
268 2831 305 2898 ct,
328 2842 388 2908 qua
403 2832 486 2884 erant
499 2823 618 2884 immani
634 2819 814 2897 crudelitate,
837 2832 944 2886 matres
960 2841 1130 2906 uxoresque
1148 2819 1281 2884 hostium

163 2968 202 3011 cx
224 2945 369 3023 fenestris,
393 2946 487 3023 unde,
512 2949 589 3010 sicut
610 2944 723 3009 lsahela
744 2946 793 3010 illa
815 2949 847 3010 in
869 2945 944 3010 urhe
966 2945 1119 3023 desreelac,
1143 2949 1175 3010 in
1197 2948 1280 3011 vicos

164 3071 374 3159 despectahant
397 3067 430 3154 (2
445 3072 520 3160 Reg.
536 3071 587 3149 IX,
605 3069 648 3136 30
664 3067 754 3159 sqq),
778 3071 911 3138 vestibus
933 3073 991 3136 illis
1014 3095 1069 3138 acu
1084 3075 1180 3158 pictis,
1206 3093 1286 3160 quas

164 3195 234 3261 olim
248 3219 303 3284 pro
320 3197 446 3284 praedae
468 3212 552 3285 parte
574 3211 755 3285 acceperant,
780 3211 885 3263 exutas
905 3221 939 3264 ac
961 3198 1088 3263 nudatas
1106 3201 1282 3286 praecipita·
1302 3242 1307 3254 ·

161 3335 279 3387 verunt.
316 3322 405 3406 Quod
421 3346 539 3389 versum
561 3327 741 3389 tricesimum
764 3327 929 3388 accuratius
951 3322 1175 3410 inspicientibus
1198 3323 1281 3388 haud

162 3447 224 3512 scio
255 3472 292 3514 an
320 3448 447 3536 probare
476 3473 590 3539 queam.
637 3451 671 3514 ln
699 3450 758 3514 hoc
786 3461 929 3514 commate
958 3447 1118 3512 verborum
1147 3447 1280 3514 ordinem

162 3573 367 3640 conturbatam
391 3599 453 3642 esse
471 3579 535 3664 jam
557 3589 625 3642 ante
639 3576 779 3642 viderunt
801 3576 864 3653 alii,
889 3577 965 3640 inter
983 3596 1059 3662 quos
1083 3573 1249 3661 complures
1259 3566 1280 3654 ¹)

163 3703 195 3763 in
216 3700 296 3766 hunc
317 3701 440 3768 modum
462 3703 624 3768 versiculos
648 3702 848 3792 digesserunt.

535 3803 623 3933 up
647 3805 756 3937 ephru
779 3833 892 3934 team
915 3799 1002 3918 ehu

365 3928 482 4025 teo
505 3959 577 4028 mi
569 3909 716 4046 hauh
740 3924 895 4059 nunni
917 3923 1001 4042 nna¹

455 4035 578 4187 5th
601 4037 754 4184 n7n7nh
777 4035 899 4185 numa
922 4084 1001 4152 aar

444 4161 538 4310 hiep·
548 4161 748 4309 mephh
683 4212 870 4313 mappa
892 4210 1003 4310 appu¹

161 4371 372 4384 *noo-.—

241 4472 260 4536 ¹)
284 4469 467 4542 Meursingius‚
480 4468 588 4540 WiJers,
606 4469 766 4537 Kaminhius,
785 4468 836 4524 alii.
