3160 5170
826 313 901 390 202

302 534 422 594 innuere
444 539 554 614 potest,
579 525 743 591 conductos
766 523 898 590 mercede
922 525 1045 590 colonos
1068 524 1250 612 praebuisse,
1279 538 1308 590 et
1331 545 1428 613 qurum

302 675 406 741 agrum
428 649 617 716 Esdraelonis
641 650 852 715 fertilissimum
876 648 1036 727 obtineret,
1065 651 1203 714 maluisse
1227 651 1428 738 agriculturae

302 800 390 867 quam
411 777 490 842 bello
514 797 634 862 operam
657 776 736 840 dare.
772 775 816 841 At
829 797 900 839 vero
918 797 1010 862 quum
1027 774 1065 838 ad
1080 774 1159 839 sores
1175 778 1270 862 ipsius
1286 774 1428 840 Deborae

302 905 441 989 auspiciis
474 915 641 989 pugnatum
674 914 750 978 erat,
785 904 811 964 is
850 921 971 988 quoque
1006 898 1103 964 officio
1139 921 1195 963 suo
1230 921 1292 964 non
1329 899 1427 965 deluit

303 1024 384 1110 (Jud.
397 1027 435 1103 V,
449 1022 513 1108 15).
542 1025 731 1093 Vocabulum
746 1022 908 1130 DinlllD
920 1027 1017 1103 varias
1033 1027 1291 1112 interpretationes
1303 1036 1425 1090 nactum

302 1165 355 1217 cst.
407 1151 512 1216 Potest
540 1154 644 1238 utique
680 1121 1028 1238 significar'e'aqecrma
1057 1151 1208 1234 canolas,
1224 1149 1261 1214 ab
1290 1148 1423 1214 Arabico

300 1268 390 1355 052}
424 1277 511 1358 bibit,
545 1289 633 1362 atque
662 1279 704 1340 ita
733 1288 879 1361 spectaret
906 1275 944 1338 ad
971 1275 1083 1338 fluenta
1111 1296 1186 1361 quae
1216 1297 1336 1362 campos
1366 1275 1424 1339 Es·

302 1388 449 1465 draelonis
477 1403 610 1488 irrigant.
658 1399 719 1465 Sed
747 1400 850 1464 melius
880 1399 957 1463 soret
985 1399 1023 1462 ad
1051 1397 1174 1463 verbum
1204 1396 1292 1505 nni?
1314 1401 1426 1486 posuit

301 1526 410 1604 redire,
444 1530 486 1590 ita
518 1539 553 1588 ut
585 1525 782 1612 intelligamus
816 1528 932 1612 gemina
965 1524 1015 1587 illa
1047 1525 1204 1612 repagula,
1241 1528 1317 1590 inter
1346 1546 1423 1612 quac

296 1653 432 1738 jumenta
454 1655 484 1715 in
507 1650 631 1714 stabulis
655 1654 826 1737 quiescunt;
850 1649 886 1714 cf.
906 1647 975 1713 Jud.
991 1649 1030 1726 V,
1050 1645 1100 1713 16.

457 1862 521 1947 §a
552 1863 591 1932 In
614 1875 759 1952 qnottmr
782 1865 916 1930 duanam
939 1861 1124 1930 condomam
1146 1863 1265 1928 liberos.

374 2023 473 2108 -Quac
500 2024 535 2088 de
558 2025 733 2088 Danitarum
761 2024 881 2089 fortuna
908 2025 1005 2112 figura
1033 2027 1149 2112 poetica
1176 2028 1357 2102 innuuntur,
1388 2047 1422 2089 ea

201 2150 204 2154 ’
299 2151 432 2238 plerique
463 2172 563 2214 omnes
592 2149 630 2214 ad
659 2149 824 2214 Simsonem
853 2149 997 2227 referunt,
1030 2153 1096 2236 qui,
1127 2170 1219 2236 quum
1242 2149 1420 2214 Philistacos

300 2297 362 2339 non
390 2274 480 2338 modo
509 2275 643 2339 miranda
665 2279 807 2361 eorporis¹
823 2280 868 2353 vi,
899 2275 951 2340 sed
981 2277 1068 2339 etiam
1098 2277 1207 2338 astutia
1236 2273 1419 2352 debellasset,

301 2403 355 2464 etsi
379 2400 511 2487 dispersa
532 2400 614 2465 tribu
636 2401 810 2464 Danitarum
834 2401 994 2478 oriundus,
1023 2413 1121 2464 tamen
1144 2421 1291 2464 summum
1309 2399 1421 2486 judicis

302 2523 429 2590 officium
452 2529 528 2591 inter
549 2526 694 2590 Israelitas
719 2524 881 2590 obtinebat.
918 2525 951 2591 Si
973 2528 1149 2592 Danitarum
1170 2527 1325 2591 historiam
1350 2547 1422 2590 con-

299 2649 519 2737 templabimur,
551 2649 649 2715 videre
672 2649 771 2715 licebit
793 2674 844 2716 cos
871 2652 954 2716 haud
975 2652 1058 2718 aliter
1080 2675 1114 2716 ac
1135 2651 1312 2716 Simeonitas
1334 2671 1422 2737 prae·

300 2776 413 2840 dationi
436 2774 552 2838 deditos
575 2775 667 2840 luisse
692 2772 1044 2864 (Jud.XVlll‚1sqq.),
1068 2789 1103 2842 ut
1125 2799 1201 2864 quos
1225 2775 1366 2841 Amoraei
1388 2779 1421 2840 in
1538 2812 1548 2823 ·

299 2913 414 2965 montes
438 2901 649 2986 compulissent
672 2896 753 2985 (Jud.
770 2901 792 2977 l,
810 2897 876 2984 39).
920 2900 1047 2966 Constat
1067 2905 1160 2989 igitur
1183 2900 1359 2977 Simonem,
1384 2914 1421 2966 ut

300 3037 384 3088 antea
411 3024 541 3111 Jepbtha
570 3025 714 3091 Gilcadita
743 3023 825 3108 (Jud.
848 3021 917 3109 XI),
948 3038 1054 3113 postea
1081 3027 1224 3103 Derides,
1259 3026 1419 3090 mediaevis

299 3164 395 3215 autem
430 3149 614 3237 temporibus
644 3150 819 3216 Franciscus
848 3151 955 3217 Sforza
988 3151 1134 3230 fecerunt,
1172 3155 1419 3217 mercenariorum

299 3279 413 3363 agmine
436 3277 589 3342 militarem
605 3277 729 3364 gloriam
747 3277 896 3364 adeptum,
920 3281 962 3341 ita
977 3299 1124 3367 summum
1139 3281 1216 3342 inter
1231 3298 1303 3342 suos
1319 3277 1418 3342 locum

299 3398 471 3465 obtinuisse.
520 3399 618 3483 Quum
645 3414 743 3466 tamen
772 3406 970 3490 captivitatem
1000 3425 1033 3466 ac
1055 3406 1190 3466 miseram
1213 3414 1338 3468 mortem
1362 3424 1420 3489 op·

297 3539 418 3615 peteret,
442 3539 533 3612 poeta
555 3526 593 3590 ad
616 3529 787 3614 ampliorem
802 3527 924 3592 Davidis
943 3531 990 3592 sui
1005 3526 1156 3593 fortunam
1171 3530 1328 3615 respiciens
1344 3525 1418 3591 sub·

293 3653 373 3737 jicit:
397 3664 502 3715 »tuum
525 3651 668 3716 auxilium
692 3667 832 3740 exspecto
856 3653 1005 3719 lehoval«
1039 3650 1114 3718 Nam
1132 3653 1191 3718 hoc
1206 3675 1319 3718 comma
1341 3651 1418 3718 bene

297 3776 441 3840 intellexit
463 3775 687 3841 Schumannus:
717 3790 825 3864 »poeta
848 3777 995 3844 Simeonis
1021 3791 1156 3866 tempora
1179 3778 1339 3866 depingens
1363 3800 1420 3866 per

296 3901 441 3966 Jacobum
471 3904 637 3988 ingemiscit
664 3902 765 3980 malis,
803 3925 878 3990 qnae
907 3904 1054 3968 Israelitaa
1084 3903 1313 3971 Philistaeorum
1337 3905 1417 3992 jugo

296 4030 391 4114 pressi
413 4026 602 4112 pertulerint,
633 4027 720 4092 simul
747 4027 812 4094 sore
841 4049 963 4114 sperans
991 4042 1026 4094 ut
1049 4029 1165 4095 Jehova
1191 4028 1267 4093 bene
1290 4030 1418 4114 juvante

298 4155 426 4228 eveniat,
457 4149 541 4238 quod
570 4149 706 4218 Simsono
735 4151 810 4218 effici
837 4176 900 4220 non
926 4158 1073 4242 potuerit,
1103 4153 1226 4220 Davidis
1257 4157 1418 4220 victoriis«

296 4275 329 4342 In
360 4277 435 4342 hanc
465 4280 638 4342 sententiam
668 4283 738 4345 citat
765 4278 941 4346 Jonathanis
969 4281 1175 4368 paraphrasin.
1227 4279 1335 4346 Melius
1359 4303 1419 4367 po·

296 4403 402 4472 misser
424 4405 512 4470 citare
535 4403 686 4470 Psalmum
708 4403 876 4484 LXXXIX,
904 4404 943 4472 19
967 4428 1048 4494 sqq.:
