3166 5178
862 317 885 392 4

320 528 474 615 phetanam
497 549 562 594 cum
584 540 756 593 testamenta
780 528 860 617 quod
885 551 938 615 per
959 528 1076 593 Domini
1099 528 1255 593 adventum
1283 527 1428 594 traditan«

321 649 442 731 (nardo
466 651 501 718 δὲ
524 649 777 740 ἕκκλησιασιικὸς
804 650 824 738 ἢ
847 652 988 740 evaudias
1009 651 1064 717 eal
1091 647 1111 739 ἦ
1136 657 1306 740 συμφωνία
1329 654 1429 738 νόμου

319 801 353 842 cs
375 782 431 843 eal
452 779 626 864 προφητῶν
652 779 690 870 τῇ
710 773 792 842 κατὰ
814 773 873 863 τὴν
894 782 951 846 τοῦ
974 782 1298 868 Κυρίουιπαρουσίαν
1320 799 1428 862 παρα·

321 901 472 995 δεδομένῃ
496 899 665 996 διαθήκῃ).

406 1029 489 1094 Hane
523 1033 707 1105 sententiam,
737 1048 857 1116 nempe,
893 1033 1060 1094 eenomcam
1092 1028 1234 1095 librorum
1266 1030 1429 1095 divlnomm

319 1157 520 1220 auctoritatem
541 1177 579 1219 ex
601 1177 635 1218 ee
650 1157 805 1242 praecipue
830 1154 955 1240 pendere
978 1153 1059 1244 quod
1080 1158 1324 1220 continuationem
1344 1155 1427 1220 exhi·

318 1279 389 1343 hant
409 1283 567 1368 seriemque
583 1301 689 1356 rerum,
712 1279 817 1343 utalia
832 1301 870 1344 ex
885 1280 939 1344 alia
958 1299 1035 1344 nexa
1050 1291 1079 1343 et
1094 1303 1193 1344 omnes
1208 1284 1284 1346 inter
1299 1303 1329 1345 se
1344 1293 1427 1367 aptae

319 1405 525 1492 colligataeque
540 1405 701 1482 rideantur,
717 1403 798 1468 haud
819 1407 860 1470 ita
877 1403 989 1492 pridem
1003 1408 1177 1470 instamavit
1190 1406 1347 1470 Britannus
1363 1409 1426 1494 qui·

318 1530 384 1595 dam
407 1531 511 1596 docum
535 1553 567 1594 ac
590 1530 729 1608 disertus,
754 1532 839 1616 eujus
860 1551 967 1594 nornen
989 1529 1120 1596 nondum
1142 1531 1259 1618 prodiit.
1303 1531 1330 1596 Is
1352 1535 1427 1596 enim

318 1660 358 1721 sic
381 1656 440 1721 fere
463 1679 524 1720 rem
547 1649 731 1742 exposuit¹).
778 1647 884 1720 Sacros
906 1659 979 1720 istos
993 1655 1092 1722 ⁴lilrres
1115 1656 1340 1722 abdominibus
1362 1659 1427 1744 qui·

318 1781 383 1846 dem
412 1784 593 1868 conscriptos
621 1803 697 1846 esse:
728 1801 818 1868 mum
845 1793 943 1845 tamen
970 1784 1046 1846 inter
1073 1795 1119 1846 tot
1145 1793 1298 1879 tantasque
1326 1803 1426 1846 saecu·

317 1907 421 1983 lorum,
446 1909 630 1994 scriptorum,
655 1919 684 1971 et
705 1909 895 1992 scriptionum
917 1910 1079 1984 varietates,
1102 1931 1162 1971 una
1190 1907 1345 1996 eademque
1367 1929 1428 1972 vox

319 2035 508 2096 conscientiae
530 2031 673 2096 humanae
696 2053 904 2120 usquequaque
927 2044 1052 2108 resonet,
1075 2053 1135 2096 una
1156 2033 1202 2097 vel
1223 2036 1321 2118 patius
1342 2035 1428 2096 unica

319 2156 441 2221 docendi
462 2160 536 2221 ratio
560 2179 673 2243 semper
696 2169 849 2243 appareat3
879 2178 967 2245 quum
995 2167 1144 2244 praeterea
1166 2157 1293 2222 divinum
1320 2156 1427 2245 aliquid

318 2286 429 2368 pectori
456 2295 558 2348 nostro
586 2281 709 2347 insidere
731 2294 817 2370 atque
847 2281 1009 2358 inhaeream
1038 2281 1082 2358 id,
1107 2282 1187 2368 qnod
1212 2286 1252 2346 ita
1275 2282 1426 2346 nobiscnm

319 2411 348 2472 in
376 2375 483 2472 intimis
513 2407 646 2472 sensibus
670 2405 886 2484 confabuletur,
910 2407 964 2470 Dei
991 2428 1051 2470 non
1079 2405 1229 2471 hominum
1250 2429 1328 2471 voce·
1347 2408 1427 2494 loqui

317 2531 480 2620 putandum
503 2553 574 2611 esse,
598 2533 629 2596 id
649 2531 772 2596 diunius
789 2532 926 2620 quiddam
948 2544 1034 2619 atque
1049 2531 1191 2596 excelsius
1214 2553 1324 2618 sapere,
1341 2555 1426 2620 quarn

317 2671 351 2722 ut
373 2682 391 2722 a
419 2661 505 2723 meris
532 2658 682 2721 hommum
710 2660 831 2743 ingeniis
860 2657 1041 2743 profluxerit.
1088 2657 1276 2721 Communem
1299 2661 1427 2722 omnium

318 2784 498 2869 opinionem,
524 2785 574 2869 qui
602 2779 691 2844 Sacra
718 2779 870 2868 Scriptura
897 2781 1074 2846 familiariter
1100 2785 1147 2846 usi
1175 2795 1258 2859 sunt,
1283 2783 1426 2869 appellare

317 2908 398 2983 licet,
426 2927 523 2972 armon
551 2910 605 2970 iste
631 2905 705 2970 liber
732 2907 906 2993 singularem
934 2907 1079 2995 quandam
1105 2911 1164 2971 vim
1192 2931 1226 2972 ae
1253 2919 1427 2994 potestatem

318 3045 461 3098 exerceat.
506 3032 545 3096 Et
568 3053 657 3120 quum
686 3030 726 3095 ihi
752 3033 783 3095 in
812 3054 986 3120 unaquaque
1014 3036 1120 3118 pagina
1146 3035 1324 3097 inveniamus
1347 3029 1427 3120 quod

318 3157 446 3242 dejectos
480 3159 585 3243 erigat,
621 3156 701 3244 quod
737 3159 820 3221 nimis
855 3157 910 3221 sibi
942 3158 1088 3244 placentes
1122 3159 1312 3244 repercutiat,
1347 3155 1428 3246 quod

317 3282 440 3346 latentes
467 3284 582 3346 virtutis
615 3282 757 3369 igniculos
792 3285 926 3358 suscitet,
957 3283 1038 3370 quod
1068 3284 1106 3347 ad
1133 3303 1231 3348 veram
1263 3283 1426 3348 felicitatem

317 3409 400 3495 quasi
422 3410 497 3472 viam
520 3408 646 3484 muniat,
669 3407 741 3471 haec
763 3411 864 3496 utique
887 3407 983 3472 divina
1006 3421 1088 3486 sunt,
1112 3431 1165 3473 nec
1187 3411 1348 3472 invenietur
1369 3429 1424 3472 un·

317 3555 420 3621 quam,
451 3533 529 3596 unde
557 3513 601 3596 ad*
621 3532 767 3597 hominem
789 3537 886 3596 venire
912 3545 1048 3619 possent,
1077 3537 1132 3598 nisi
1161 3534 1272 3598 aDeo.
1318 3531 1425 3597 Unius·

306 3659 460 3746 ,cujusque
490 3660 653 3744 scriptionis
684 3679 717 3721 ea
744 3655 875 3744 profecto
903 3670 1008 3722 nauare
1036 3671 1094 3734 est,
1124 3669 1160 3722 ut
1189 3679 1242 3745 per
1270 3681 1301 3722 se
1329 3661 1425 3744 ipsum

318 3783 407 3846 surda
436 3786 474 3846 sit
504 3805 536 3847 ac
564 3795 660 3860 muta,
691 3795 720 3846 et
747 3786 771 3846 si
799 3783 870 3871 quid
901 3785 1049 3870 rogaveris
1077 3783 1238 3847 verecunde
1269 3781 1425 3846 admodum

318 3909 409 3974 sileat.
455 3907 612 3984 Videlicet,
640 3921 676 3972 ut
704 3923 770 3972 carru
795 3905 917 3973 Platone
947 3909 1050 3996 loquar
1078 3903 1216 3990 (Phaedr.
1240 3930 1270 3994 p.
1295 3905 1359 3972 275
1388 3906 1425 3972 ad

388 4129 417 4194 ¹)
441 4130 465 4181 A
482 4127 634 4181 Vindication
657 4126 687 4180 of
705 4125 842 4180 Protestant
862 4125 990 4197 Principlcs
1013 4127 1047 4198 by
1064 4125 1253 4181 Philaleutlrerus
1271 4125 1424 4200 Anglieauna.

318 4224 419 4279 tanuen
440 4223 514 4279 1847.
534 4243 573 4296 pp.
587 4224 622 4279 48
634 4241 688 4295 sqq.
724 4224 779 4280 Scio
797 4224 873 4278 fuisse
890 4226 952 4277 inter
969 4233 1087 4277 normates
1106 4227 1148 4296 qui
1166 4241 1205 4278 me
1222 4233 1337 4296 tanquam
1355 4227 1424 4278 iatius

318 4322 427 4394 opusculi
445 4332 568 4378 auctorem
586 4323 785 4378 denunciaverint.
813 4323 884 4389 Quod
902 4321 935 4377 illi
952 4323 1121 4376 criminationis
1138 4321 1191 4377 leco
1204 4321 1327 4394 olq'ieiunt,
1345 4321 1369 4376 id
1381 4339 1424 4394 ego

318 4437 415 4474 summo
433 4437 486 4475 esre
504 4419 589 4474 honori
607 4421 703 4492 deputo.
