3166 5178
716 307 766 382 39

147 499 339 616 tenuas-[qq
363 518 447 584 Tulit
468 538 540 605 ergo
563 517 679 582 Jehova
701 517 782 582 Deus
805 518 970 595 bominem,

362 641 402 734 llt
423 641 492 708 fecit
514 663 580 706 eum
602 645 786 730 requiescere
808 645 838 706 in
862 643 953 708 horto
977 641 1161 720 deliciarum,

363 763 403 831 Ut
424 765 573 830 laboraret
594 778 624 830 et
647 766 810 832 custodiret
833 787 909 831 eum.

291 905 339 960 [ro]
362 889 573 977 Praecepitque
595 889 711 954 Jebova
733 890 814 954 Deus
837 889 951 954 bomini
974 888 1089 954 diceus:

363 1013 430 1080 »Ex
453 1017 532 1079 omni
556 1014 662 1080 arbore
684 1014 766 1080 horti
789 1013 878 1080 edens
902 1013 1054 1090 comedes,

292 1153 339 1207 [17]
363 1137 424 1204 Sed
435 1138 470 1204 dc
482 1135 588 1204 arbore
600 1117 778 1227 cognitionis
788 1137 938 1204 bonorum
950 1159 984 1202 ac
992 1138 1138 1203 malorum
1147 1160 1210 1202 uon
1219 1138 1298 1203 edes.

361 1261 437 1328 Nam
460 1264 636 1350 simulatque
660 1262 754 1328 ederis
778 1285 817 1328 ex
838 1263 902 1341 illa,
926 1267 1056 1330 moriens
1080 1265 1262 1329 emoriens«

292 1402 340 1457 [ra]
365 1388 443 1452 Tum
466 1387 544 1453 dixit
565 1387 681 1453 ‹lebova
703 1387 799 1453 Deus:

364 1511 451 1576 »Non
473 1525 519 1578 est
541 1511 728 1578 commodum
752 1534 816 1576 esse
838 1511 988 1578 bominem
1012 1513 1126 1590 solum;

361 1635 545 1723 Adjutrieem
568 1638 625 1724 ipsi
648 1637 772 1702 similem
795 1640 821 1702 ei
845 1635 981 1701 creabo«

291 1777 338 1830 [ro]
361 1759 456 1826 Erant
477 1772 575 1826 autem
597 1760 685 1825 ambo
708 1761 797 1840 nudi,
822 1762 913 1826 bomo
936 1762 1099 1850 mulierque
1123 1784 1191 1838 sua,

361 1884 404 1951 At
425 1907 478 1949 eos
499 1907 561 1950 non
583 1883 725 1973 pudebat.

156 1991 339 2106 ⁶⁸”'¹¹¹’¹‘¹[fj
362 2007 423 2074 Sed
444 2031 566 2097 serpeus
590 2023 653 2075 erat
674 2010 774 2076 nudus

360 2133 394 2198 In
416 2133 555 2198 omnibus
578 2135 776 2200 animantibus
799 2149 909 2212 terrae,

363 2256 445 2340 Quot
466 2257 582 2324 debora
603 2258 684 2323 Deus
707 2259 824 2324 fecerat.

361 2383 462 2470 ltaque
484 2386 510 2446 is
534 2381 612 2447 dixit
633 2383 763 2448 mulieri:

362 2505 461 2571 »Itane
485 2528 556 2572 vero
581 2507 690 2571 dixerit
711 2507 807 2572 Deus:

360 2629 430 2696 Non
452 2631 544 2698 edetis
568 2630 604 2696 de
628 2634 708 2696 omni
731 2630 837 2697 arbore
859 2629 983 2696 bertii«

305 2771 337 2827 [2]
362 2755 419 2823 Cui
441 2755 596 2846 respondit
617 2756 735 2822 mulier:
807 2729 811 2736 ¹

362 2881 426 2947 »De
449 2881 549 2947 fructu
571 2881 727 2958 arborum,
752 2892 829 2968 quot
851 2883 974 2945 suntin
997 2878 1104 2955 borto,
1130 2881 1290 2956 vescimur3

306 3023 338 3076 [o]
361 3007 405 3070 De
428 2999 528 3070 fructu
549 3028 620 3071 vero
644 3005 775 3082 arboris,
800 3027 876 3093 quae
899 3017 944 3070 est
966 3008 998 3068 iu
1019 3002 1117 3068 medio
1141 3003 1246 3079 horto,

362 3130 516 3218 Praecepit
537 3128 624 3195 uobis
641 3129 736 3206 Deus,
762 3152 799 3195 ne
820 3128 943 3207 edamus
959 3150 1016 3193 neu
1033 3141 1189 3215 tangamus
1204 3128 1295 3205 illum,

816 3267 851 3318 ut
873 3276 909 3318 no
932 3255 1124 3318 moriamur.«

306 3395 338 3449 [4]
361 3379 446 3444 Dixit
467 3392 565 3443 autem
588 3399 708 3464 serpeus
731 3379 860 3443 mulieri:

362 3502 620 3591 »Haudquaquam
642 3505 801 3568 morientes
824 3503 1014 3567 emoriemini.

306 3645 338 3699 [o]
363 3627 426 3693 Scit
449 3641 552 3693 eontra
574 3627 671 3705 Deus,
697 3626 873 3715 simulatque
897 3627 1014 3692 ederitis
1039 3647 1077 3689 ex
1100 3647 1147 3701 ea,

363 3752 472 3818 Oculos
496 3765 611 3818 vestros
635 3765 769 3838 apertum
791 3755 841 3828 iri,

360 3877 485 3964 Vosque
507 3875 641 3954 futuros,
665 3879 743 3941 sieut
764 3876 874 3952 Deum,
934 3965 941 3972 .

335 3997 339 4004 ’
362 4000 494 4067 Scientcs
517 4000 597 4064 bona
619 4021 653 4065 ac
675 4001 781 4066 mala«

305 4143 338 4196 to]
360 4126 445 4191 Vidit
466 4127 558 4213 igitur
580 4125 685 4190 mulier
701 4123 836 4189 arborem
855 4139 918 4189 esse¹
933 4125 1044 4190 bonam
1059 4122 1097 4186 ad
1114 4119 1296 4196 vescendam,

360 4250 492 4337 Eamque
516 4271 580 4314 esse
604 4250 696 4314 oeulis
721 4247 932 4324 delectabilem,

359 4375 399 4440 Et
417 4373 598 4460 jucundam,
621 4387 657 4440 ut
679 4395 754 4462 quae
777 4375 975 4461 cognitionem
997 4383 1177 4458 praestaret;
