3160 5170
604 329 815 438 „aaa”

336 539 415 604 Tum
437 559 513 626 quae
535 540 608 626 ipsis
632 551 773 604 eventura
795 543 855 604 sint
876 540 1076 627 providerent.

149 642 314 762 1)ωῆΧῇῘοῙῇ
335 662 394 749 Qui
416 663 534 730 tandem
557 663 621 728 beri
642 677 746 751 posset
763 677 799 729 ut
818 687 896 730 unus
919 665 1015 732 hostis
1037 668 1172 751 ipsorum
1192 663 1270 728 mille

734 802 970 878 persequeretur,

334 912 374 979 Ut
396 913 456 978 duo
481 913 580 980 decem
603 915 693 980 millia
716 918 851 1002 ipserum
874 914 1019 1003 fugarent,

332 1037 396 1104 Nisi
420 1038 503 1126 quod
525 1043 660 1127 ipsorum
680 1041 783 1127 Rupes
806 1039 947 1106 venderet
968 1063 1030 1118 eos,

332 1163 371 1228 Et
392 1143 607 1250 prodereteos
630 1164 766 1230 Jehova?

260 1304 308 1358 [⁸1]
331 1287 433 1376 Rupes
457 1293 535 1355 enirn
555 1291 689 1355 bostium
711 1312 773 1356 non
796 1305 841 1356 est
863 1294 940 1357 sieut
962 1303 1065 1356 nostra
1086 1289 1205 1376 Rupes3

330 1413 364 1478 ld
387 1415 496 1481 seilicet
518 1418 576 1502 ipsi
598 1416 700 1480 hostes
724 1415 953 1482 confitebuntur.

259 1554 306 1609 [ta]
330 1535 404 1604 Nam
428 1539 465 1604 de
488 1538 600 1606 vitibus
624 1539 815 1606 Sodomitieis
839 1553 883 1607 est
905 1544 974 1608 vitis
997 1563 1109 1618 eorum,

329 1663 369 1728 Et
390 1663 427 1728 de
450 1668 528 1730 arvis
553 1663 760 1732 Gomorranis:

330 1787 411 1854 Uvae
433 1812 536 1855 eorum
559 1804 631 1856 sunt
652 1813 728 1856 uvae
751 1803 919 1869 venenatae,

329 1913 369 1979 Et
390 1919 497 1982 racemi
520 1915 743 1982 amaritudinem
763 1918 892 2003 pariunt

258 2054 306 2108 [³³]
329 2039 421 2106 Virus
444 2045 624 2128 serpentium
648 2055 702 2106 est·
715 2045 817 2107 vinum
841 2063 959 2118 eorum,

328 2163 367 2229 Et
390 2177 479 2231 atrox
501 2165 639 2253 aspidum
661 2189 816 2232 venenum.

257 2304 306 2359 [³⁴]
328 2289 434 2356 Nonne
457 2291 515 2356 boe
538 2291 723 2358 reconditum
745 2305 791 2358 est
812 2290 894 2379 apud
915 2313 976 2367 me,

330 2414 526 2504 Obsignatum
549 2420 581 2482 in
604 2419 750 2482 thesauris
772 2416 867 2481 meisi

257 2557 305 2612 [as]
327 2541 396 2606 Mea
418 2554 464 2608 est
485 2542 570 2620 ultio,
596 2555 626 2606 et
647 2563 703 2630 ego
725 2540 898 2629 rependam,

329 2666 396 2751 Quo
420 2680 552 2756 tempore
575 2689 628 2755 pes
652 2689 755 2732 eorum
777 2665 934 2732 vacillabit.

326 2791 465 2858 Profecto
489 2797 710 2882 appropinquat
733 2793 794 2857 dies
817 2794 953 2858 interitus
976 2814 1094 2869 eorum,

326 2915 480 2983 Festinant
503 2939 536 2984 ee
560 2939 635 3004 quae
657 2920 810 2983 imminent
832 2918 937 2982 mala«

256 3058 303 3112 [⁸⁶]
327 3042 466 3110 Attamen
489 3043 605 3109 Jehova
626 3044 733 3131 populi
756 3047 803 3108 sui
826 3065 944 3108 eausam
967 3056 1049 3131 aget,

325 3167 365 3233 Et
387 3191 541 3235 servorum
565 3190 688 3234 suorum
710 3169 905 3246 miserebitur,

328 3292 404 3376 Quia
427 3292 539 3358 videbit
561 3297 638 3359 vires
662 3315 766 3358 eornm
788 3298 956 3371 evanuisse,

325 3417 365 3482 Et
386 3418 460 3482 nihii
482 3440 578 3506 neque
598 3430 734 3506 opertum
756 3437 852 3505 neque
875 3430 1009 3504 apertum
1031 3417 1164 3482 relietum
1188 3439 1260 3482 esse.

258 3557 305 3611 [³⁷]
330 3543 416 3608 Tune
440 3543 530 3609 dicet:
554 3542 701 3610 »Ubinam
724 3556 796 3608 sunt
817 3541 858 3606 dii
881 3564 998 3620 eorum,

326 3667 439 3755 Rupes,
463 3669 612 3757 adquam
635 3667 855 3756 confugerunt?

255 3807 303 3863 [³⁸]
326 3791 453 3858 Ubinam
476 3807 547 3860 sunt
568 3795 625 3872 illi,
650 3797 702 3881 qui
724 3791 840 3879 adipem
863 3792 1072 3858 sacrificiorum
1094 3814 1197 3858 eorum
1212 3814 1262 3856 eo·

730 3918 898 3996 mederunt,

325 4041 365 4108 Et
385 4042 527 4110 biberunt
549 4048 651 4110 vinum
671 4041 968 4110 libaminis‘eorum?

327 4166 460 4256 Surgant
482 4181 512 4234 et
534 4171 717 4258 opitulentur
740 4167 836 4246 vobis,

325 4290 365 4357 Et
387 4295 448 4358 sint
469 4293 556 4360 vobis
579 4293 738 4382 praesidio.

254 4433 302 4488 [³⁹]
324 4417 416 4507 Ergo,
441 4419 538 4486 videte
561 4421 644 4509 quod
666 4420 741 4508 Ego,
765 4420 831 4509 Ego
855 4423 975 4510 inquam
997 4439 1064 4484 sum
1084 4417 1148 4496 lde,
