3152 5160
855 321 903 396 tt

324 537 427 602 mentis
448 533 614 600 finitionem
629 507 757 611 denomt,
780 535 811 597 in
832 533 1026 620 geographica
1047 533 1096 600 illa
1110 533 1248 598 minema
1270 535 1434 611 collocavit,

324 681 376 724 nec
408 660 482 746 lapsi
514 660 638 724 hominis
671 658 709 724 ab
738 658 842 724 arbore
872 659 1095 724 immortalitatis
1124 659 1257 724 exsilium
1289 663 1388 746 potuit
1418 683 1436 724 a

324 787 484 850 necessaria
506 782 669 850 celebrioris
688 786 750 870 jam
772 795 803 848 et
824 783 1026 872 frequentioris
1048 784 1150 870 populi
1177 787 1349 870 migratione
1371 785 1435 850 dis·

325 931 449 976 eernere.
493 908 604 974 Verum
632 912 706 974 enim
728 931 798 974 vero
826 909 939 974 ethnica
964 909 1013 974 illa
1040 912 1203 996 primaevae
1228 908 1305 974 sedis
1327 922 1358 974 et
1379 931 1434 976 cu·
1550 993 1551 998 ἵ

323 1032 497 1100 nahulornm
520 1033 666 1098 derelictio
687 1034 796 1098 nullam
824 1034 926 1121 cnlpae
947 1033 1182 1120 significationem
1209 1055 1280 1120 prae
1302 1057 1334 1098 se
1355 1013 1434 1100 lere·
1549 1097 1551 1108 ,

322 1159 382 1236 bat,
400 1159 452 1224 sed
472 1162 572 1246 potius
587 1161 816 1247 antiquussnnm
830 1158 884 1222 Dei
899 1159 1048 1224 consilium
1071 1157 1109 1223 ad
1132 1157 1264 1224 Quam
1280 1160 1433 1226 conduxit.

321 1283 354 1348 ld
369 1287 444 1348 enim
464 1286 606 1370 principio
620 1284 722 1360 voluit,
737 1297 771 1349 ut
785 1284 915 1348 homines
930 1295 1037 1348 terram
1051 1283 1203 1371 implerent
1219 1279 1303 1366 (Gen.
1318 1285 1348 1362 1,
1364 1281 1432 1368 28).

321 1405 381 1474 Neo
403 1409 521 1474 ludaeis
544 1411 702 1498 catenaque
724 1409 825 1474 mundi
848 1409 949 1474 incolis
971 1431 1099 1497 unqtaam
1122 1413 1243 1477 vetitum
1267 1421 1320 1487 est,
1343 1433 1380 1475 ue
1401 1414 1433 1476 in

320 1533 486 1598 &moniam
508 1533 644 1598 redirent.
683 1533 791 1600 Contra
812 1546 908 1600 autem
931 1537 1001 1598 satis
1016 1533 1176 1600 ostendunt
1196 1534 1434 1622 biemglypbicae

319 1658 384 1724 illae
407 1659 609 1724 Cheruborum
631 1659 758 1745 vigiliae,
782 1658 889 1747 quibus
912 1662 1005 1727 omnis
1033 1658 1071 1724 ad
1095 1660 1318 1724 immortalitatis
1340 1659 1432 1726 arbo-

320 1805 380 1850 rem
403 1783 498 1849 aditus
526 1783 786 1860 intercludebatur,
812 1784 888 1850 banc
915 1784 1164 1871 protoplastorum
1190 1807 1228 1850 ex
1253 1784 1352 1850 Edene
1377 1808 1433 1850 ex-

320 1909 482 1996 pulsionem
510 1910 682 1996 relligiosam
710 1910 804 1974 saltim
831 1908 1067 1996 significationem
1098 1912 1129 1974 in
1156 1931 1186 1974 se
1214 1909 1365 1976 admittere
1391 1943 1427 1958 -

320 2057 438 2122 nempe,
466 2047 600 2121 parentes
633 2034 753 2098 humani
786 2036 912 2119 generis,
940 2047 1062 2122 propter
1093 2038 1304 2107 contumaciam
1337 2057 1429 2112 mam,

321 2181 402 2247 spem
434 2159 526 2237 illam,
555 2181 612 2247 qua
647 2181 677 2224 se
710 2159 900 2235 lactaverant,
928 2159 1150 2226 immortalitatis
1179 2135 1208 2226 el
1239 2160 1432 2228 similitudinis

321 2307 386 2350 cum
408 2285 471 2350 Deo
491 2283 712 2372 consequendae
738 2287 858 2348 miseros
884 2287 987 2350 misero
1015 2288 1157 2361 amisisse,
1180 2305 1275 2374 neque
1298 2308 1360 2350 eam
1382 2308 1431 2352 re·
1515 2357 1518 2362 A

320 2421 510 2497 superaturos
539 2432 616 2486 esse,
640 2413 694 2474 nisi
721 2412 833 2500 siquis
862 2431 971 2474 novum
999 2410 1037 2475 ad
1066 2410 1199 2478 arborem
1222 2414 1298 2476 vitae
1320 2410 1431 2476 aditum

319 2538 451 2622 aperiret.
499 2534 611 2624 Operae
638 2538 763 2622 pretium
791 2538 845 2600 erit
870 2535 1011 2602 nonnulla
1039 2535 1076 2600 de
1102 2536 1322 2624 hieroglypbico
1349 2539 1431 2602 vetiti

318 2661 397 2728 horti
418 2661 562 2748 praesidio
586 2661 737 2726 discutere.

408 2786 530 2851 Constat
562 2787 694 2872 antiquas
728 2787 845 2866 orientis
883 2788 1029 2863 nationes,
1064 2807 1122 2874 qua
1155 2797 1237 2852 erant
1272 2807 1365 2874 purae
1396 2809 1430 2852 ac

317 2923 408 2999 putae
437 2911 619 2997 cogitationis
646 2912 838 2996 impatientia,
861 2910 907 2976 vel
934 2913 1051 2998 majora
1074 2911 1145 2977 coeli
1171 2911 1280 2976 lumina
1301 2911 1430 2978 Deorum

319 3037 384 3103 loco
407 3036 539 3112 coluisse,
555 3035 602 3099 vel
623 3035 719 3100 saltim
741 3039 853 3102 minora
875 3049 954 3102 astra
977 3048 1153 3125 ceterasque,
1170 3059 1244 3125 quae
1266 3037 1322 3102 sub
1344 3060 1429 3125 aspe-

319 3175 398 3226 ctum
420 3161 549 3250 aliosque
577 3183 679 3226 sensus
703 3159 825 3239 cadunt,
848 3175 969 3228 neumae
991 3174 1151 3249 potestates
1174 3173 1204 3228 et
1230 3161 1430 3250 phaenomena

319 3310 432 3353 summo
454 3290 565 3352 numini
585 3299 724 3376 unquam
747 3289 883 3354 satellites
905 3311 940 3354 ac
961 3291 1109 3354 ministros
1131 3287 1309 3375 adjunxisse
1336 3288 1429 3354 lsrae-

318 3415 399 3490 litae‚
429 3416 479 3502 qui
511 3437 528 3477 a
554 3413 750 3500 polytheismo
778 3426 807 3478 et
840 3413 1017 3492 idololatria,
1047 3427 1188 3504 quantum
1214 3413 1277 3480 fieri
1303 3426 1428 3502 poterat,

319 3537 529 3614 abhorrebant,
557 3538 636 3604 buno
663 3549 759 3604 tamen
781 3539 828 3605 vel
856 3539 965 3605 cultum
993 3540 1038 3604 vel
1066 3539 1257 3627 symbolicam
1282 3543 1429 3606 materiem

318 3685 432 3751 semper
457 3668 488 3728 in
510 3667 613 3728 vicinia
641 3686 694 3730 sua
716 3677 745 3729 et
767 3667 850 3753 quasi
871 3664 911 3730 ob
934 3664 1034 3730 oculos
1062 3663 1219 3740 habebant.
1265 3663 1429 3752 Aegyptios

318 3788 458 3866 viderant,
483 3793 531 3878 qui
556 3787 654 3854 Solem
675 3791 722 3854 vel
736 3789 790 3854 Ro
811 3811 925 3854 summo
948 3789 1076 3855 Deouam
1099 3789 1193 3856 ordini
1215 3789 1427 3866 adscribebant,

318 3925 348 3979 et
373 3914 492 3980 eandem
520 3915 716 3980 adorationem
745 3918 776 3977 in
797 3913 960 3980 Palaestina
983 3937 1099 4005 quotpre
1120 3916 1245 3981 valuisse
1272 3913 1430 3980 ostendunt

317 4040 403 4128 plura
430 4040 553 4128 oppida,
583 4041 689 4130 quibus
721 4061 827 4105 nomen
853 4039 1110 4124 Reid-Sbeomsb
1135 4045 1154 4106 i.
1179 4063 1204 4105 e.
1232 4039 1428 4106 »domicilium

319 4166 407 4231 solis·
426 4166 472 4231 vel
486 4163 693 4231 Ir-Sltemeslt
707 4168 725 4230 i.
743 4189 766 4230 e.
784 4165 876 4232 »urbs
896 4167 985 4231 solis«
1007 4160 1217 4249 (Ηλιόπολις)
1239 4166 1361 4233 inditum
1385 4177 1429 4230 est

320 4286 351 4370 (1
370 4289 449 4356 sam.
465 4289 517 4367 vt,
535 4289 593 4356 ιι».
622 4291 684 4356 tos.
700 4291 781 4371 xor,
806 4291 858 4370 aa,
882 4291 936 4370 38,
958 4285 1025 4376 41).
1067 4263 1253 4382 'Quamquam
1274 4290 1426 4366 ortanae,

318 4437 379 4482 mon
399 4419 525 4480 universi
548 4417 657 4492 saltim,
680 4421 710 4484 in
731 4417 810 4485 bunc
833 4419 943 4484 eduam
965 4416 1163 4494 declinabant,
1186 4429 1284 4484 umen
1305 4427 1340 4482 ut
1360 4415 1427 4504 plu·
