3152 5160
698 355 745 425 81

613 456 829 465 ——---

157 573 319 634 connire]
342 561 385 626 At
408 582 477 626 vero
500 560 628 627 Shernus
652 577 681 626 et
696 563 819 650 depetus
842 564 964 651 pallium
987 561 1049 628 ‘suis
1074 566 1203 631 humeris
1226 569 1281 631 irn-

798 701 978 776 posuerunt3

344 811 411 894 Quo
435 825 515 877 retro
540 812 673 878 cedentes
697 828 836 879 texerunt
860 819 951 902 patris
975 819 1022 880 sui
1046 817 1181 883 verenda.

342 936 381 1001 Et
404 941 545 1024 quoniam
568 943 663 1004 eversi
687 951 771 1004 erent
794 961 896 1004 eorum
919 942 1036 1016 vultus,

341 1061 438 1126 Petris
462 1067 508 1126 sui
532 1051 660 1129 verenda
683 1087 744 1128 non
768 1064 915 1130 viderunt.

269 1199 317 1257 [ee]
340 1185 438 1275 Ergo,
464 1211 554 1274 quum
579 1185 726 1269 [Adamus
749 1193 768 1252 i.
786 1212 810 1252 e.
831 1185 934 1270 horno]
959 1193 1060 1254 vinum
1084 1189 1269 1257 edormiisset

341 1311 380 1375 Et
410 1316 517 1378 certior
545 1313 639 1379 sactus
670 1325 762 1391 esset,
799 1314 872 1401 quid
899 1318 930 1380 in
958 1319 1055 1402 ipsum
1085 1319 1280 1380 commisisset

797 1461 891 1526 nepos
915 1462 997 1516 suus,

201 1623 204 1630 ,
270 1577 318 1631 [es]
342 1561 392 1626 Sic
415 1562 519 1627 effatus
543 1577 602 1627 est:
627 1563 737 1628 »Sacer
761 1568 799 1628 sit
823 1563 988 1641 dannanus,

342 1686 454 1752 Servus
477 1711 632 1752 servorum
656 1693 695 1752 sit
717 1687 858 1753 fratribus
882 1694 954 1754 suis.

271 1824 318 1885 [ec]
342 1813 495 1878 Laudetur
515 1814 631 1878 Jehcva
653 1814 734 1878 Deus
759 1813 875 1892 Shemi3

271 1953 318 2005 [ετ]
342 1937 424 2001 Deus
446 1938 579 2003 sortunet
600 1939 753 2026 inpetum,

340 2061 380 2127 Et
402 2061 516 2128 habitet
537 2067 568 2127 in
590 2064 788 2130 tabernaculis
812 2063 928 2143 Shemi;

342 2184 498 2253 Cenaanus
522 2211 592 2254 vero
618 2193 656 2254 sit
680 2211 782 2254 eorum
806 2212 941 2255 servus«

612 2384 820 2394 *Ἥ

437 2540 735 2614 FRAGMENTUM
763 2542 999 2613 SECUNDUM.

157 2698 333 2774 liejiciuntur
348 2699 463 2758 Kinneei
481 2704 604 2778 aliaeque
621 2713 717 2778 gentes
733 2702 878 2760 Semiticae
896 2703 1004 2778 stirpis,
1027 2710 1055 2758 et
1072 2695 1192 2756 secunde
1207 2697 1277 2754 limi·

214 2811 318 2865 tctione
337 2809 451 2866 ecclesia
465 2809 618 2868 Jesharana
632 2814 661 2868 in
677 2821 758 2887 gente
773 2809 1024 2868 Abrahumiderum
1040 2809 1224 2868 constituitru,

664 2959 770 2968 ——-

341 3061 391 3147 [Et
414 3064 541 3130 Shemus
564 3071 669 3154 genuit
691 3065 767 3132 duos
791 3068 877 3144 filios,

158 3169 320 3286 G‘n'w’²'[2⁸j
343 3188 468 3273 Quinum
493 3204 566 3255 netu
588 3188 741 3279 majorem]
766 3207 795 3256 et
817 3191 961 3257 Habelurn
985 3189 1102 3255 fratrem
1127 3192 1201 3275 ejus.

339 3314 378 3379 Et
401 3314 457 3380 fuit
479 3313 609 3382 Habelus
633 3316 751 3403 quidem
776 3318 883 3402 opilio,

341 3438 452 3522 Qainus
476 3453 574 3506 autem
597 3442 735 3528 agricola.

284 3564 441 3651 [ultaque
465 3564 520 3631 suh
543 3567 630 3631 finem
654 3569 722 3630 anni

340 3688 456 3754 Obtulit
472 3689 584 3773 Quinus
609 3691 645 3754 dc
668 3689 804 3777 frugibus
827 3703 921 3753 terrae
938 3687 1115 3752 oblationem
1129 3686 1275 3764 Jehovae3

281 3831 315 3884 [4]
338 3813 469 3879 Habelus
494 3837 614 3904 quoque
638 3815 747 3879 obtulit
768 3815 803 3878 de
825 3816 1029 3901 primogenitis
1044 3812 1192 3900 pecudum
1208 3834 1276 3876 sua·

795 3961 861 4035 rum
885 3938 972 4003 etde
997 3961 1096 4002 earum
1120 3938 1215 4026 adipe.

338 4063 378 4128 Et
399 4067 532 4150 respexit
553 4065 634 4128 Deus
659 4064 696 4127 ad
718 4062 863 4128 Habelum
888 4075 918 4127 et
940 4062 1119 4127 oblationem
1142 4061 1223 4145 ejus;

284 4205 316 4256 [⁵]
340 4188 389 4252 Ad
413 4188 539 4272 Quinum
564 4202 660 4253 autem
684 4190 807 4275 ejusque
831 4188 1010 4253 oblationem
1033 4207 1094 4252 non
1117 4187 1257 4271 respexit.

340 4311 437 4395 Quare
461 4311 556 4396 Qaino
590 4315 743 4380 vehemens
772 4317 816 4376 ira
845 4312 997 4376 incanduit
1026 4325 1055 4376 et
1082 4309 1183 4375 vultus
1211 4310 1276 4394 ejus

796 4436 932 4501 concidit.

1046 4554 1063 4609 6
