3152 5160
810 347 884 424 128

297 559 483 626 difficiliorem
510 559 586 626 illam
612 559 726 648 quidem
755 581 788 624 aa
816 561 988 647 longiorem,
1011 563 1082 624 inire
1105 559 1226 624 dmrevi.
1273 559 1346 625 Nam
1375 565 1399 625 si

297 686 425 750 collectio
452 685 523 750 haec
548 683 709 751 dasbarann
737 684 894 751 Solomone
920 697 1058 772 regnante
1086 683 1210 750 conflata
1237 697 1294 762 est,
1323 707 1399 772 opus

297 823 341 876 est
363 795 512 902 quaerere,
537 813 587 900 qui
607 809 738 876 homines
765 823 835 875 tune
856 814 994 898 temporis
1016 786 1197 915 ΒξὶἾΓ-Ιῆν
1218 833 1311 897 saper
1329 811 1400 896 pla·

255 1003 265 1032 s
296 937 380 1002 dison
402 936 539 1023 ἰροοοαοα
560 935 711 1001 viverent?
734 939 850 1024 quinam
872 934 1069 1000 oiri-bustutc'
1088 938 1239 1023 progenies
1262 935 1400 1023 appellari

295 1060 434 1149 possent?
455 1059 495 1126 Et
517 1059 554 1125 ad
576 1074 738 1127 armaturae
760 1083 851 1148 genus
871 1060 950 1150 quod
972 1063 1083 1138 attinet,
1103 1059 1294 1126 Israelitarum
1317 1081 1399 1147 reges

296 1195 325 1250 et
345 1185 498 1251 bellatores
521 1207 581 1252 non
603 1185 699 1273 gladio
722 1200 774 1252 aut
794 1185 887 1264 hasta,
912 1186 963 1251 sed
985 1185 1118 1252 curribus
1140 1187 1214 1250 vecti
1237 1198 1266 1250 ct
1288 1188 1399 1273 sagittis

262 1321 267 1326 '
295 1314 397 1376 armati
418 1310 525 1376 bellum
552 1311 755 1398 profligabant.
803 1309 835 1377 Si
858 1309 998 1400 quosdam
1027 1314 1187 1399 exceperis,
1209 1323 1245 1376 ut
1267 1308 1397 1386 Senium,

295 1437 334 1500 Illi
356 1435 487 1523 prolecto
502 1439 664 1522 graviorem
686 1449 860 1502 armaturam
883 1437 1075 1502 anilistaeis
1098 1435 1314 1512 mutilabantur,
1339 1438 1398 1523 qul,

295 1573 330 1625 ut
351 1564 420 1626 satis
448 1573 577 1637 constat,
600 1573 721 1649 propter
749 1561 864 1627 crebras
888 1561 1065 1628 Cretensium
1094 1573 1123 1626 et
1144 1561 1318 1648 Cypriorum
1343 1563 1399 1624 im-

296 1689 480 1773 migrationes
507 1686 646 1754 Graecam
675 1684 859 1752 πανοπλίαν
884 1699 997 1774 gestare
1025 1687 1191 1755 didicerant
1235 1688 1279 1751 lta
1300 1685 1400 1752 Golia-

295 1811 365 1877 tbus
388 1823 417 1876 et
432 1809 539 1876 Saulus
562 1812 697 1900 clypeum
718 1811 828 1876 babent
850 1824 879 1876 ct
897 1815 1085 1898 armigerum
1106 1815 1147 1876 ita
1169 1811 1241 1878 aues
1262 1833 1401 1900 procerae

296 1947 424 2001 staturae
450 1935 633 2013 Philistinus,
662 1959 727 2000 eum
757 1940 866 2024 ingenti
898 1935 981 2001 haste
1009 1949 1038 2002 et
1063 1959 1140 2001 novo
1167 1936 1261 2023 gladio
1289 1939 1401 2005 anctus

296 2064 326 2125 in
359 2061 469 2148 proelio
501 2059 630 2126 Nobensi
666 2061 812 2126 inducitur
845 2057 883 2144 (2
903 2059 981 2126 Sam.
1005 2060 1090 2139 XXI,
1119 2057 1187 2145 16).
1247 2063 1400 2150 Ceteroqui

296 2184 440 2254 Israelitm
467 2185 604 2250 adversus
626 2185 797 2251 Philistaeos
823 2199 986 2273 pugnantes
1009 2181 1162 2266 ἐπάγουσι
1185 2185 1402 2272 δουρικλύτοις

297 2305 433 2397 ἀνδράσι
452 2309 653 2392 coaeternae
661 2305 763 2396 Ἀρην
778 2305 894 2393 (Aesoh.
901 2311 982 2376 Pers.
999 2307 1064 2394 85).
1094 2310 1190 2386 Quum
1213 2324 1309 2377 autem
1331 2333 1400 2398 gra·

296 2439 339 2502 vis
367 2447 529 2501 armaturae
556 2435 659 2500 milites
691 2438 874 2523 conspicuam
901 2440 1104 2523 praestantiam
1131 2436 1186 2501 sibi
1212 2437 1399 2514 vindicarent,

296 2560 435 2638 Derides,
469 2565 518 2648 qui
549 2563 611 2647 ipse
644 2581 731 2647 super
764 2560 891 2647 gladium
924 2583 1023 2640 sumn,
1060 2583 1181 2649 eumque
1212 2561 1401 2628 Philistaeum

296 2687 423 2754 Goliatbi
444 2685 570 2772 gladium
594 2679 625 2765 (1
643 2683 722 2750 Sam.
737 2683 818 2762 XXI,
841 2681 884 2766 9),
908 2689 1028 2762 vixerat,
1052 2690 1103 2776 qui
1127 2699 1223 2752 autem
1243 2687 1401 2773 plurimum

295 2811 439 2878 habuerat
469 2831 535 2873 oum
561 2809 722 2876 Philistaeis
756 2813 971 2888 commercium,
999 2823 1187 2900 posteaquam
1219 2833 1274 2876 rex
1306 2811 1401 2878 factus

297 2948 356 3013 cst,
379 2937 546 3022 peregrinos
569 2934 712 3075 quosdam
738 2934 873 2998 satellites
899 2935 1030 3000 mercede
1056 2936 1209 3014 conduxit,
1233 2941 1284 3026 qui
1309 2957 1399 3025 quum

297 3154 400 3251 Gesclr.
425 3183 475 3248 des
498 3089 613 3248 Volkes
629 3183 764 3260 Israeli,
793 3205 823 3270 p.
845 3179 941 3264 292),
970 3197 1084 3250 constat
1104 3185 1244 3251 Davidem
1270 3186 1401 3250 mercede

297 3309 462 3374 conciliasse
489 3308 578 3372 sortes
610 3309 674 3374 illos
702 3321 731 3372 et
757 3308 909 3373 bellicosos
942 3312 1029 3373 maris
1055 3309 1255 3374 mediterranei
1280 3311 1398 3384 incolas,

296 3438 347 3524 qui
373 3435 475 3500 sianilia
501 3433 643 3520 stipendia
670 3433 749 3520 apud
773 3433 1010 3498 Psammitichnm
1036 3437 1066 3497 in
1086 3434 1226 3522 Aegypto
1251 3434 1401 3499 merebant

297 3557 462 3642 (Herodll,
483 3553 568 3639 152).
606 3557 669 3623 Hos
692 3569 788 3623 autem
805 3549 1129 3656 ΙδοραφόροαζςΙοοΙίο
1152 3579 1268 3648 quoque
1290 3563 1400 3624 cinctos

296 3683 399 3761 iirisse,
429 3705 514 3771 quem
542 3682 653 3750 Graeco
680 3686 794 3748 nornine
820 3685 964 3767 μαχαίρᾳ
990 3682 1193 3768 designabant,
1221 3683 1267 3748 vel
1299 3705 1351 3747 ex·
1365 3705 1400 3748 eo

297 3808 481 3884 deducimus,
506 3807 586 3896 quod
613 3829 689 3872 unua
711 3811 787 3872 inter
808 3805 980 3870 fortissimos
1002 3807 1119 3872 Doridis
1141 3809 1244 3872 milites
1271 3807 1399 3894 appella·

296 3937 538 4038 mstitssssijb'i
560 3935 670 4002 ‘tort
661 3955 680 3996 1
704 3953 729 3996 e.
750 3935 875 4014 Καῢρος
901 3927 919 3996 d
945 3931 1201 4018 μαχαιροφόρος,
1229 3931 1402 4019 Cbepbecus

294 4013 451 4147 pladintol·
474 4015 641 4143 (1Pardip.
648 4055 690 4120 XI
691 4050 782 4138 ‚¹36)
787 4053 808 4137 )
832 4056 906 4122 Nam
926 4061 1034 4162 ιᾞῼΰ
1050 4056 1124 4121 idem
1148 4079 1210 4121 esse
1232 4079 1265 4122 ac
1280 4051 1401 4140 μάχαι-

297 4206 359 4270 ραν
381 4187 451 4250 saus
474 4180 600 4248 ostendt
623 4181 693 4247 Gan.
704 4180 813 4258 XLIX,
829 4180 865 4246 5:
888 4169 1068 4289 unrp'npp
1091 4185 1179 4252 οοοιο
1201 4158 1281 4274 dep,
1302 4181 1401 4267 ffla

297 4313 315 4374 i.
332 4329 356 4374 e.
372 4304 530 4396 μα’χαιραο
552 4327 658 4372 eonon
678 4318 749 4372 aas
770 4329 863 4372 arnna
874 4302 923 4388 (cs.
936 4306 1008 4374 Gen.
1016 4259 1138 4384 XXVII,
1152 4260 1185 4372 3
1208 4306 1329 4382 Deutl‚
1344 4304 1399 4368 41.

369 4570 389 4631 Ι)
408 4568 471 4621 Vide
488 4568 590 4622 Excurs-
603 4568 639 4624 tv
656 4568 685 4624 sd
703 4567 745 4622 h.
757 4567 818 4622 libai.
