3172 5186
593 371 811 488 m

137 588 308 652 narratione
332 579 363 667 (1
382 583 461 652 Sem.
477 578 574 668 XVII)
591 581 698 648 vividis
723 581 872 647 coloribus
889 581 1100 672 depinguntur,
1125 581 1162 648 ad
1180 585 1259 648 litte·

136 735 201 778 ram
225 710 394 800 accipienda
416 713 484 786 sint,
508 711 618 774 nescio.
658 706 740 792 Quae
764 707 799 774 de
823 719 936 772 statura
959 707 1112 774 Philistaei
1134 709 1258 776 tradun-

137 851 203 917 tur,
235 858 268 902 ea
295 858 357 900 non
384 857 439 922 per
461 855 493 898 se
520 831 702 898 incredibilia
724 845 810 910 sunt3
840 855 907 898 nam
929 833 1026 918 major
1047 834 1169 898 humani
1193 857 1259 900 cor-

136 965 222 1051 poris
246 958 410 1049 amplitudo
433 961 506 1046 ipsis
534 957 677 1046 relliquiis
706 956 864 1044 aliquando
895 956 1087 1046 comprobata
1110 971 1155 1024 est
1177 954 1257 1041 (vide

136 1087 251 1153 nessa.
270 1086 298 1163 1,
320 1082 381 1163 os;
409 1082 485 1148 rm.
502 1061 539 1147 11.
560 1080 598 1147 u.
618 1083 686 1161 vu,
711 1079 768 1160 to;
796 1081 892 1148 111.
914 1081 1020 1148 roura.
1043 1081 1122 1148 nov.
1147 1079 1256 1167 1838).

135 1211 199 1280 Nee
220 1222 428 1300 propugnator
442 1211 542 1296 regius
565 1210 787 1295 procerissimae
811 1220 941 1274 staturae
964 1211 1026 1274 sine
1045 1209 1180 1296 exemplo
1197 1221 1257 1288 est;

135 1361 205 1404 nam
229 1340 254 1402 si
277 1338 435 1423 accipimus
457 1333 628 1421 palmariam
651 1333 729 1398 illam
752 1331 786 1399 C.
804 1332 840 1398 0.
855 1332 992 1398 Muelleri
1015 1333 1255 1412 emendationem,

135 1460 352 1537 Antimenidas,
376 1459 477 1526 Alcaei
499 1469 605 1547 poetae
628 1458 727 1536 irater,
751 1457 926 1546 Babyloniis
951 1459 1116 1547 opitulum,
1142 1462 1257 1547 regium

135 1598 390 1677 propugnatorem
413 1583 566 1661 interfecit,
591 1586 676 1672 cujus
699 1596 812 1649 statura
832 1606 925 1672 paene
940 1587 1072 1672 quinque
1088 1583 1255 1649 cubitorum

136 1725 216 1790 crat;
247 1710 389 1776 Alcaeum
418 1712 494 1774 enirn
523 1711 566 1773 sic
595 1711 748 1795 scripsisse
780 1722 904 1796 apparet
933 1703 1027 1797 (apud
1056 1707 1156 1776 strab.
1177 1709 1253 1787 Xlll‚

75 1929 79 1938 ι
135 1859 166 1925 p.
184 1834 248 1904 617
267 1835 307 1916 (1;
329 1835 447 1912 Miillcr,
470 1833 578 1898 Rbein.
593 1833 674 1899 Mus.
691 1835 712 1912 l,
728 1857 759 1922 p.
777 1829 870 1916 290):

394 1979 525 2053 κτέννας
548 1974 655 2060 ἄνδρα
676 1971 828 2060 μαχατὰν
849 1974 1018 2062 βασιλήϊον

393 2078 577 2149 παλαισταν
599 2080 819 2148 ἀπολείποντα
840 2083 943 2167 μόνον
961 2087 1043 2168 μίαν

393 2186 525 2272 πάχεων
547 2184 613 2256 dard
636 2194 782 2275 πέμπων.

223 2335 285 2402 Nee
306 2336 464 2402 historicae
481 2334 674 2402 Goliathanae
691 2333 787 2400 caedis
803 2336 920 2398 veritati
940 2332 1040 2410 officit,
1065 2335 1148 2422 quod
1163 2337 1255 2401 multa

134 2461 272 2529 fabulosa
293 2465 324 2526 in
347 2462 418 2526 alias
442 2461 588 2549 ejusmodi
610 2461 795 2525 narrationes
818 2461 1003 2546 irrepserint,
1028 2470 1064 2523 ut
1083 2461 1115 2524 in
1130 2459 1255 2526 confusa

133 2590 184 2655 illa
205 2609 373 2676 pugnarum
396 2609 491 2675 prope
515 2585 630 2652 Gobam
654 2585 869 2673 descriptione,
893 2582 945 2649 ubi
967 2587 1014 2649 vir
1036 2587 1170 2650 immanis
1194 2599 1254 2650 sta-

132 2728 219 2780 turae
252 2713 404 2778 inducitur
431 2734 519 2777 senos
553 2711 585 2775 in
617 2709 754 2775 manibus
788 2723 817 2774 et
846 2708 973 2799 pedibus
1003 2708 1113 2797 digitos
1140 2709 1253 2776 habens

134 2835 169 2924 (2
191 2837 271 2905 Sam.
292 2837 380 2915 XXI,
404 2833 469 2919 20).
514 2835 552 2901 Ut
574 2858 666 2925 supra
689 2837 867 2924 significavi,
889 2837 1053 2914 Israelitae,
1083 2857 1190 2924 quum,
1219 2851 1255 2902 ut

134 2967 221 3030 ceteri
237 2961 370 3030 Arabum
393 2961 553 3026 nomadum
575 2962 696 3049 populi,
720 2962 803 3026 haud
817 2966 859 3027 ita
873 2985 997 3051 procera
1016 2975 1130 3027 statura
1145 2976 1252 3041 essent,

132 3088 307 3180 grandiores
330 3109 455 3174 corpore
472 3084 650 3152 Canaanitas
673 3090 715 3151 ita
737 3087 946 3175 suspiciebant,
969 3101 1005 3153 ut
1024 3092 1122 3154 omnia
1136 3091 1168 3154 in
1181 3087 1253 3177 pbr·

133 3227 215 3280 tenta
242 3224 392 3301 augerent.
431 3212 475 3276 lta
504 3224 695 3290 mercatores,
727 3217 779 3300 qui
806 3217 895 3301 primi
923 3214 1117 3302 Patagoniam
1143 3218 1254 3280 invise·

132 3339 222 3417 bant,
253 3341 390 3402 nuntium
422 3336 457 3401 de
485 3337 648 3402 incolarum
675 3348 789 3402 statiua
811 3337 1017 3424 reportabant,
1048 3363 1135 3428 quem
1159 3345 1253 3410 serior

133 3477 223 3552 atque
247 3466 411 3528 accuratior
427 3461 595 3528 observatio
619 3461 726 3526 falsum
741 3460 832 3526 luisse
848 3460 1071 3528 demonstravit.
1102 3441 1253 3548 Quantum

130 3590 278 3655 Israelitae
308 3591 416 3654 eximio
441 3591 575 3677 corporis
599 3587 715 3654 habitui
742 3585 919 3665 tribuerent,
952 3587 1098 3654 discamus
1124 3590 1191 3656 licet
1214 3613 1251 3660 ex

132 3737 167 3781 ea
190 3714 396 3780 acclamatione
420 3737 479 3802 qua
495 3713 619 3780 Saulum
642 3712 878 3801 alloquebantur,
903 3735 995 3800 quum
1010 3727 1091 3780 stans
1111 3718 1142 3780 in
1156 3715 1252 3781 media

132 3843 274 3905 concione
298 3862 399 3905 omnes
422 3840 553 3904 humeris
576 3840 813 3932 supereminebat
836 3837 867 3923 (1
887 3837 967 3905 Sam.
982 3839 1028 3918 X,
1046 3839 1099 3919 23,
1117 3838 1183 3925 24).
1212 3841 1252 3907 Et

132 3964 374 4054 quandoquidem
397 3964 555 4032 Goliatbus
577 3979 650 4056 post
670 3980 795 4032 mortem
818 3964 1013 4032 obtruncatus
1035 3971 1067 4031 in
1089 3980 1258 4064 conspectu·

132 4094 265 4156 omnium
283 4089 410 4178 jacebat,
436 4090 501 4156 fieri
524 4095 577 4157 vix
598 4105 714 4181 potest,
739 4107 775 4158 ut
795 4113 934 4156 mensura
955 4093 1020 4170 illa,
1045 4114 1121 4179 quac
1144 4105 1248 4158 exacto

130 4239 254 4282 numero
284 4215 426 4296 traditur,
457 4240 495 4282 cx
519 4240 594 4307 vaga
621 4217 846 4306 amplificatione
872 4216 1064 4305 profluxerit,
1093 4222 1150 4283 nisi
1173 4218 1250 4284 sorte

131 4343 440 4432 septuagintaviralem
463 4345 627 4408 versionem
650 4347 735 4433 sequi
756 4347 865 4422 mavis,
897 4366 971 4431 quae
1001 4322 1057 4429 pro
1081 4339 1151 4436 111111
1178 4345 1249 4431 legit

131 4466 308 4555 τεσσάρων,
339 4467 470 4536 confusis
500 4469 609 4536 scilicet
638 4470 742 4536 litteris
771 4477 883 4545 teet
911 4465 948 4554 (1
973 4468 1052 4537 Sam.
1075 4469 1174 4548 XVII,
1196 4466 1245 4555 4).
