3166 5178
716 371 741 418 V

172 537 337 608 materiem
358 537 569 608 Josloraoam
597 538 631 606 in
657 539 822 623 antiquum
850 537 993 608 ordinem
1019 536 1206 626 redigere).
1244 541 1286 610 At

172 646 351 716 meheronle
373 646 458 714 uude
480 653 515 714 tu
537 667 596 732 me,
611 646 752 732 hwalde,
768 667 809 714 ex
825 645 898 732 jure
920 668 1015 716 mauu
1039 655 1215 718 oousertum
1233 672 1284 718 vo

173 754 261 839 uasti,
273 753 348 821 inde
363 753 408 821 ihi
422 775 482 840 ego
495 762 526 822 te
542 775 663 823 revooo.
685 753 727 822 Et
736 753 881 840 judioeut
896 755 1060 841 peritiores
1075 759 1145 824 uter
1156 763 1225 825 utro
1240 759 1285 826 iu·

173 861 334 930 consultae
349 861 526 947 sapientiae
541 862 664 930 arimini
680 861 783 946 magis
799 862 840 929 sit
855 864 1018 932 obnoxius.
1041 865 1123 931 Nam
1133 865 1285 934 haraldus

172 970 233 1038 iste
262 989 386 1036 sunrma
406 968 596 1036 oonfidentia
623 969 780 1055 signifieat
801 991 837 1038 se
859 971 997 1057 reperire
1026 992 1122 1058 posse
1144 980 1176 1040 et
1197 974 1284 1042 resti-

172 1085 260 1146 tuere
289 1074 467 1162 hagmenta
488 1078 561 1144 toas·
587 1077 752 1162 eujusdam
777 1074 986 1166 014911111ιῆ,
1014 1099 1121 1164 quem,
1139 1081 1284 1168 seriptori

171 1185 280 1254 neseio
290 1184 346 1252 oui
359 1184 515 1252 Nathanis
529 1185 702 1270 prophetae
717 1185 843 1270 aequali
860 1181 1052 1272 adscribit).
1075 1187 1198 1256 Eadem
1213 1209 1283 1258 oon-

172 1292 305 1360 fideutia
318 1292 395 1360 uitat
409 1291 663 1376 antiquissimum
677 1291 830 1360 Judeioae
852 1293 1002 1363 historiae
1016 1295 1131 1364 librum
1153 1303 1185 1363 et
1199 1297 1284 1380 quod

172 1401 203 1467 oi
217 1394 425 1484 anteoessit).
447 1399 489 1466 hlt
507 1406 580 1486 post
593 1401 706 1466 libnan
719 1399 882 1488 Oripiaam
901 1402 1027 1469 tertium
1048 1397 1132 1488 ille)
1148 1409 1180 1472 et
1193 1424 1283 1488 quar-

170 1503 269 1594 tum)
285 1507 447 1598 annalium
461 1507 646 1593 seriptorem
657 1507 873 1593 deprehendit,
885 1507 974 1594 eujus
986 1509 1163 1596 fragmenta
1174 1513 1282 1580 etiam-

169 1615 246 1683 dum
268 1616 302 1681 in
324 1620 411 1682 textu
426 1613 635 1682 Masorethioo
657 1622 842 1702 appareant.
874 1615 916 1682 At
931 1617 1099 1702 enimvero,
1121 1640 1162 1687 ne
1184 1641 1281 1688 unum

170 1722 299 1808 quidem
326 1723 437 1790 horum
465 1727 611 1806 quattuor
633 1722 782 1789 librorum
804 1722 857 1790 vel
882 1723 1010 1790 nomine
1037 1731 1130 1794 mnus
1152 1727 1281 1795 oitatum

169 1831 355 1916 invenimus,
378 1848 481 1915 neque
503 1829 567 1896 ullo
587 1838 780 1916 argumento,
803 1838 929 1917 praeter
950 1851 1026 1900 suas
1048 1833 1281 1922 hariolationes,

169 1940 303 2024 probare
324 1943 430 2024 potest
443 1937 595 2005 hwaldus
615 1938 696 2005 tales
711 1938 808 2006 libros
823 1959 962 2023 unquam
977 1941 1146 2027 exstitisse,
1164 1943 1282 2011 nedum

169 2045 346 2130 fragmenta
367 2045 453 2131 ipsa,
482 2065 565 2129 qnae
587 2045 630 2112 ad
652 2065 905 2132 unumquemque
927 2046 1041 2114 librum
1063 2051 1278 2138 pertinuerint,

169 2153 363 2238 distinguere
378 2153 471 2220 oallet
485 2173 524 2220 ae
538 2152 698 2222 denotare.
716 2153 896 2231 Quinetiam
911 2153 1027 2222 fatetur
1036 2156 1187 2226 llwaldus
1203 2159 1281 2227 illud

169 2261 273 2348 ipsum
284 2261 378 2328 Libri
385 2260 549 2348 oesypum
563 2280 686 2345 nomen,
701 2261 787 2345 quod
797 2262 867 2348 ipse
879 2261 1072 2348 oonfinxerit,
1087 2285 1151 2332 uon
1160 2265 1281 2352 justam

169 2389 242 2436 esse
257 2389 295 2435 ae
317 2367 492 2452 legitimam
512 2367 587 2464 talis
608 2368 680 2435 libri
695 2364 983 2455 appellationem!
1005 2371 1163 2454 Equidem
1185 2375 1214 2441 si
1236 2375 1281 2443 ita

170 2476 203 2542 in
223 2497 258 2544 re
278 2475 388 2542 antioa
408 2481 552 2542 versatus
575 2495 694 2559 essem,
717 2476 746 2542 si
768 2482 833 2542 tum
855 2476 977 2544 insulsa
999 2480 1174 2548 temeritate
1195 2489 1281 2566 quat

170 2589 240 2651 tuor
252 2583 349 2650 libros
365 2583 596 2668 exoogitassem
611 2589 644 2648 et
665 2602 725 2650 sua
739 2583 852 2666 auique
866 2582 1044 2668 fragmenta
1066 2587 1194 2654 arbitrio
1209 2609 1280 2657 meo

169 2690 409 2773 distribuissem,
431 2711 471 2758 ue
487 2696 686 2775 arrogantem
702 2690 830 2773 quidem
844 2690 969 2757 hwaldi
991 2711 1156 2760 sensuram
1171 2694 1281 2781 depre-

169 2817 266 2864 oarer.
285 2796 350 2864 Sed
364 2796 438 2865 vide
453 2817 580 2882 quaeso,
593 2796 669 2883 quid
684 2796 822 2868 feeerim.
840 2798 940 2866 Nemo
952 2805 1049 2886 negat
1058 2800 1157 2869 fuisse
1168 2803 1281 2870 titiam

168 2905 388 2972 Jasturaoom.
416 2905 504 2972 illius
526 2905 598 2972 libri
620 2905 729 2972 titulus
746 2911 850 2972 exstat
871 2912 904 2974 et
921 2915 1064 2994 apertam
1080 2909 1280 2994 signifieatio

167 3033 241 3080 nem
262 3033 340 3098 prae
360 3033 396 3080 se
416 3012 485 3080 fert.
512 3013 608 3080 Porro
626 3012 690 3079 duo
707 3013 889 3098 exploratae
903 3014 978 3082 fidei
993 3014 1170 3100 fragmenta
1185 3037 1226 3084 ex
1241 3039 1279 3086 eo

166 3119 246 3186 libro
269 3119 411 3186 nituntur.
439 3119 585 3204 Denique
605 3119 749 3186 enneadit
762 3102 914 3188 haoldus
934 3122 1013 3208 ipse,
1036 3124 1148 3191 litmaro
1165 3125 1279 3192 Jalu-

167 3251 280 3293 raaam
299 3227 385 3295 nullo
406 3227 469 3294 alio
488 3234 629 3314 tempore
650 3227 744 3296 soribi
760 3249 864 3313 posse,
885 3249 981 3312 quam
995 3232 1054 3297 suh
1070 3231 1238 3300 Salomone
1245 3227 1279 3318 ⁸),

166 3353 290 3420 nempe,
310 3334 423 3402 eodem
445 3340 586 3420 temporo
605 3354 666 3419 quo
682 3334 808 3402 Nathan
826 3337 877 3403 vel
898 3337 980 3405 alius
995 3339 1153 3424 quispiam
1168 3341 1280 3406 dhaem

167 3441 255 3508 illum
272 3441 436 3530 Ostpinam
458 3442 566 3525 edidit,
589 3461 684 3526 quem
705 3448 794 3510 tanta
815 3442 932 3512 fidutia
953 3445 1103 3513 Ewaldus
1126 3447 1160 3512 in
1181 3447 1279 3514 vitam

167 3549 333 3616 revocavit
362 3547 446 3628 Quid
469 3549 564 3634 igitur
577 3555 672 3634 vetat,
687 3551 854 3634 quominus
875 3551 1011 3636 plurima
1025 3553 1080 3620 illa
1095 3553 1279 3639 fragmenta,

150 3675 249 3739 quae
271 3656 303 3721 in
325 3663 414 3724 textu
428 3657 636 3724 Masorethieo
660 3665 782 3725 scatent
804 3665 939 3742 atquae
961 3660 1012 3726 vel
1027 3661 1206 3728 Salomonei
1229 3662 1280 3728 vel

166 3763 346 3832 vetustioris
374 3764 446 3831 aevi
475 3771 577 3848 erant,
600 3764 643 3831 ad
665 3785 773 3833 verum
801 3766 888 3832 illum
912 3768 1024 3834 theam
1044 3769 1212 3836 Probitate
1233 3790 1279 3836 re

167 3869 275 3956 feram,
299 3870 389 3957 eujus
411 3871 501 3938 titulo
521 3872 721 3957 respondent,
744 3872 848 3958 potius
871 3894 965 3958 quam
989 3874 1032 3940 ad
1054 3875 1151 3942 alium
1174 3896 1278 3960 quem-

220 4081 241 4148 l)
263 4095 292 4150 p.
305 4081 370 4136 149:
394 4081 567 4152 ,Unstreitig
589 4081 729 4140 sohwebte
751 4081 809 4138 ihm
830 4081 911 4140 dabei
935 4083 984 4140 das
1002 4083 1119 4141 Vorbild
1136 4084 1279 4142 thulioher

165 4168 242 4224 Fille
260 4167 430 4228 auidiorem
448 4170 564 4227 Gebiete
581 4187 632 4228 vor
649 4169 719 4227 eto.“

219 4259 241 4325 ¹)
262 4256 353 4314 Geaoh.
366 4259 389 4314 d
404 4257 496 4316 Vellaeo
507 4259 597 4316 Israel.
609 4260 631 4315 Ι.
644 4276 672 4330 p.
682 4260 741 4316 115.
757 4291 789 4302 -
802 4261 824 4329 ⁸)
837 4259 907 4317 Ibid.
921 4277 948 4331 p.
959 4262 1017 4317 116.
1032 4293 1065 4302 -
1083 4264 1105 4331 ⁴)
1118 4261 1188 4318 lhid.
1198 4255 1277 4333 pli).

218 4348 241 4415 ⁸)
259 4346 330 4402 ibid
348 4363 376 4417 p.
389 4348 448 4403 119.
469 4377 502 4390 -
521 4351 543 4416 ⁶)
561 4348 632 4405 lbid.
650 4365 678 4419 p.
692 4351 752 4405 122.
763 4356 804 4396 ·-'
823 4350 844 4418 ⁷)
863 4349 933 4406 Ibid.
951 4365 979 4419 p.
992 4351 1036 4405 96.

220 4435 241 4503 ⁸)
259 4450 288 4505 p.
298 4436 349 4490 147
355 4453 362 4490 :
375 4437 432 4507 ,Es
440 4436 513 4493 kann
524 4436 601 4492 nieht
608 4437 682 4494 wohl
691 4437 785 4495 frtlher
795 4438 837 4495 als
847 4443 928 4494 natm
937 4437 1067 4496 Salomo’s
1078 4439 1175 4512 longer
1182 4430 1285 4512 311101-Ι

167 4522 254 4582 lioher
264 4523 434 4597 Herrsohaft,
451 4525 488 4582 ist
505 4525 571 4584 aber
589 4525 679 4585 sioher
696 4527 766 4585 auoh
778 4528 851 4585 wohl
869 4527 947 4585 nieht
965 4532 1057 4600 opiter
1074 4529 1277 4603 gesohuieben.“
