3160 5170
858 319 936 394 aloe

344 531 562 619 horrendaue
582 534 657 599 illius
680 530 1009 620 Gordono=Cummingi
1036 532 1201 610 historiam,
1225 536 1275 622 qui
1300 536 1383 599 mites
1410 533 1469 598 se·

343 682 449 748 resque
470 659 581 725 belluas
603 677 716 746 semper
737 663 812 722 inter
834 657 999 746 aquandum
1022 657 1219 744 exspectabat.
1261 658 1340 723 Bene
1362 661 1470 745 igitur

342 798 431 874 poeta
461 797 574 861 noster,
603 804 693 872 quum
719 783 879 870 Josepbnm
912 793 1049 872 tanquam
1078 785 1238 868 juvencum
1271 783 1309 850 ad
1342 781 1468 850 iontem

342 910 518 987 induxisset,
543 909 667 974 advocat
689 912 777 972 etiarn
795 907 870 973 feras
893 931 909 974 e
931 908 1080 974 montibus
1103 921 1133 974 et
1154 921 1307 974 venatores
1330 912 1463 994 sagitta-

342 1039 415 1114 rios,
444 1039 494 1122 qui
526 1057 592 1100 eum
626 1033 738 1098 infestis
768 1033 886 1120 ungulis
917 1047 948 1098 et
980 1033 1045 1098 telis
1078 1033 1271 1099 adorirentur.
1320 1033 1380 1099 Ista
1412 1033 1458 1100 ad
1549 1025 1550 1030 ἵ

341 1161 586 1248 llphraimitarmn
608 1181 720 1236 casum,
745 1161 795 1246 qui
822 1161 851 1222 in
878 1157 952 1223 libro
975 1158 1110 1223 lodicum
1133 1155 1175 1242 (c.
1193 1154 1264 1241 XII)
1289 1172 1458 1237 enarratur,

341 1273 485 1374 portinere
507 1285 642 1352 arbitror.
667 1283 763 1360 Quum
785 1286 860 1348 enim
879 1281 1075 1370 Ephraimitae
1091 1283 1245 1352 Gileaditas
1267 1288 1461 1364 invasissent,

284 1500 289 1508 υ
341 1411 374 1476 bi
392 1411 520 1498 lephtba
542 1409 616 1474 duce
637 1411 777 1494 insignem
799 1411 948 1473 victoriam
969 1409 1168 1495 reportabant.
1206 1408 1248 1474 Et
1267 1431 1330 1474 non
1355 1412 1462 1476 solum

341 1538 449 1602 multos
475 1540 505 1600 in
532 1536 643 1622 proelio
670 1535 719 1600 illo
747 1534 948 1611 conciderunt,
976 1554 1077 1600 verum
1111 1512 1198 1600 ctiam
1223 1553 1320 1623 quum·
1339 1538 1372 1612 ii,
1403 1540 1462 1624 qui

342 1662 516 1738 evadebant,
544 1661 583 1727 ad
609 1659 745 1736 Jordanis
773 1659 848 1724 vada
881 1659 1063 1737 accederent,
1093 1659 1299 1746 llpluairnitien
1326 1660 1458 1728 delecto

341 1791 455 1873 agnitos
478 1786 515 1851 ad
530 1786 589 1850 duo
602 1798 635 1851 et
649 1785 841 1874 quadraginta
862 1785 1012 1850 hominurn
1034 1785 1122 1850 millia
1143 1785 1334 1852 trucidanrnt
1358 1787 1457 1852 Ferae

340 1913 405 1978 illae
426 1925 581 1976 montanae
603 1923 669 1996 apte
691 1921 910 1997 repraesentant
933 1909 1102 1987 Gileaditas,
1127 1912 1211 1997 cujus
1233 1933 1340 1976 nornen
1354 1889 1456 2008 ''tt-Q

341 2052 486 2125 asperam,
515 2048 696 2112 montanam,
728 2047 756 2100 et
790 2035 950 2122 lapidosam
983 2039 1130 2122 regionem
1159 2035 1298 2122 designat.
1350 2009 1455 2124 Sagit-

340 2165 430 2230 tarlos
458 2164 543 2228 1111111
571 2161 625 2226 snb
649 2160 766 2248 regibus
794 2163 869 2226 inter
892 2161 1046 2227 Gdcaditas
1074 2161 1238 2227 abundasse
1266 2166 1336 2228 satis
1364 2161 1452 2228 docet

339 2309 440 2378 pugna
472 2288 534 2366 ila,
564 2307 638 2375 quae
664 2285 830 2368 Ramothao
853 2285 1037 2352 Gileaditicae
1068 2289 1220 2352 commissa
1247 2299 1291 2352 est
1319 2285 1358 2370 (11
1372 2287 1446 2374 Reg.

286 2485 290 2495 ,
339 2408 530 2496 1111131).
577 2410 638 2478 Sed
665 2415 849 2500 quantumvis
877 2414 1015 2500 oppressi
1040 2435 1057 2476 a
1082 2411 1246 2490 Gileaditis,
1273 2411 1449 2501 losoplaidae

340 2539 412 2606 adeo
434 2543 510 2604 vires
537 2561 605 2604 suas
625 2540 663 2602 in⁴
679 2541 824 2624 integrum
846 2539 1049 2616 restituerant,
1072 2549 1107 2602 ut
1128 2551 1269 2626 regnante
1291 2537 1451 2605 Solomone

339 2670 414 2732 inter
435 2665 650 2753 potentissimos
671 2662 815 2728 israelitas
838 2675 1037 2741 censerentur,
1061 2675 1091 2728 et
1111 2676 1181 2750 post
1201 2663 1346 2750 magnifici
1372 2663 1447 2730 illius

340 2795 416 2878 regis
448 2790 576 2864 obitum,
604 2809 709 2853 novem
741 2787 878 2853 tribubus
910 2787 1040 2866 adscitis,
1055 2811 1091 2853 »a
1116 2787 1295 2855 ludaeorum
1327 2793 1448 2878 imperio

341 2915 544 2991 desciscerent,
577 2925 607 2978 et
639 2933 759 2992 novam,
793 2912 849 2978 sub
879 2935 948 3000 rege
974 2913 1195 3000 Ephraimitico,
1224 2915 1448 2984 dominationem

339 3043 542 3106 instaurarent.
579 3038 680 3127 ltaque
701 3037 861 3126 prudenter
884 3041 943 3125 egit
964 3051 1051 3126 poeta
1073 3053 1186 3118 noster,
1210 3044 1261 3130 qui
1282 3041 1338 3107 sub
1359 3040 1448 3108 Solo·

339 3187 424 3230 mone
446 3163 574 3229 scribens
589 3163 753 3252 losepbidis
776 3163 1014 3232 subblandiretur
1037 3177 1065 3230 et
1079 3169 1163 3254 quasi
1184 3165 1312 3232 secundo
1329 3187 1449 3234 munere

338 3290 479 3378 palparet,
497 3311 723 3355 commemorans
746 3303 843 3356 tamen
858 3294 973 3379 quantis
997 3313 1034 3356 ex
1057 3294 1197 3377 angustiis
1219 3312 1272 3378 per
1286 3291 1340 3357 Dei
1361 3295 1449 3380 patrii

339 3415 509 3482 beneficium
532 3419 622 3504 erepti
645 3428 749 3484 essent.
788 3417 821 3480 ln
841 3436 931 3481 versu
945 3415 988 3481 24
1009 3437 1064 3504 pro
1087 3409 1181 3521 ῠζρᾨ
1204 3420 1321 3504 reposui
1342 3409 1447 3513 DQ,

340 3563 426 3631 quam
453 3541 605 3609 lectionem
627 3563 645 3606 a
667 3541 746 3630 Syro
769 3553 856 3630 atquo
879 3540 991 3608 Onkelo
1013 3541 1167 3628 probatam
1189 3541 1312 3608 Datbius
1339 3543 1447 3610 idcirco

339 3667 534 3744 sommendat,
566 3669 633 3754 quia
669 3667 879 3754 parallelismus
911 3667 1105 3732 clausularum
1136 3685 1234 3732 veram
1267 3671 1447 3736 iterationem

339 3791 485 3879 efflagitet.
531 3791 627 3856 Divini
653 3795 776 3856 nominis
800 3805 924 3881 quantae
947 3796 1005 3858 sint
1026 3795 1056 3857 in
1077 3793 1198 3858 la'storia
1220 3791 1321 3858 Jacobi
1347 3807 1447 3881 partes

338 3939 428 4006 snpra
450 3917 575 3981 vidimus
599 3913 687 3998 (Pars
702 3917 740 3994 ll,
759 3917 806 3982 Fr.
823 3913 891 4000 IV),
915 3917 967 3983 ubi
988 3919 1062 4006 lapis
1085 3941 1202 4007 qnoque
1216 3916 1317 3983 Jacobi
1338 3919 1448 3986 Bethe-

338 4045 410 4110 lieus
430 4054 682 4108 commemoratur.
718 4041 951 4110 Benedictiooee
971 4045 1050 4109 coeli
1070 4055 1139 4108 sunt
1160 4044 1274 4130 pluviae
1297 4065 1445 4133 roresque,

339 4169 559 4237 dmediets'ones
575 4165 732 4255 profundi
743 4180 812 4232 sunt
833 4167 928 4234 fontes
952 4181 980 4234 et
999 4170 1095 4247 rivuli,
1112 4169 1333 4236 benedictiones
1345 4171 1448 4236 1111111

339 4306 369 4361 et
383 4296 469 4360 uteri
495 4307 565 4359 sunt
592 4296 676 4380 copia
703 4295 785 4360 lactis
814 4306 843 4360 et
868 4294 1027 4382 pecudum,
1057 4317 1131 4384 quae
1159 4297 1254 4360 omnia
1281 4294 1448 4384 Josepbidis

285 4461 287 4466 -
340 4419 521 4508 obtigerunt,
545 4441 619 4508 quae
641 4432 751 4498 autom,
775 4432 810 4486 ut
831 4434 918 4508 poeta
941 4420 1097 4508 significat,
1120 4419 1232 4486 tamdiu
1257 4440 1447 4508 permansura
