3172 5186
663 391 739 464 325

138 602 311 679 Michalem‚
336 599 435 680 Sauli,
461 613 491 666 et
503 601 673 676 Metabum,
699 597 903 666 Gesuritarum
927 607 1004 692 regis
1025 604 1114 670 filiam
1131 600 1164 688 (2
1180 605 1259 672 Sam.

139 727 192 804 Ill,
217 725 266 807 3),
290 725 386 790 nullas
410 725 515 790 habuit
538 728 678 812 conjuges
701 728 783 812 regio
808 739 886 790 satas
910 731 1069 814 sanguine,
1093 731 1261 819 nullamque

140 855 218 916 inter
233 851 297 927 has,
322 871 397 937 quae
420 863 502 914 tanto
527 873 597 937 prae
620 853 722 913 ceteris
746 851 903 936 splendore
926 855 1097 919 eminuisset
1116 869 1261 942 quantum

142 976 177 1040 de
207 998 268 1039 una
291 973 352 1051 illa,
386 997 478 1061 eaque
502 977 656 1061 insigniter
679 974 816 1038 distincta
838 979 940 1062 regina
962 977 1075 1042 Psaltes
1099 979 1258 1064 praedicat.

139 1100 237 1165 Multa
259 1098 420 1184 prohibent
441 1119 478 1162 ne
501 1102 568 1185 quis
591 1099 699 1162 idcirco
724 1097 760 1162 de
779 1098 903 1165 Achabo
928 1105 1045 1189 cogitet,
1071 1080 1140 1189 quia
1161 1104 1260 1169 lsabe-
1297 1115 1299 1122 ’

138 1226 197 1289 lam
219 1223 374 1289 Ethbaalis
402 1224 480 1310 regis
504 1221 698 1288 Sidoniorum
727 1222 816 1288 filiam
839 1247 965 1290 uxorem
989 1224 1108 1291 duxerit
1130 1223 1165 1310 (1
1183 1229 1258 1317 Reg.

138 1346 290 1450 1111131)
310 1361 339 1412 11
355 1347 476 1412 domum
491 1345 548 1412 sibi
564 1346 722 1412 eburneam
738 1347 934 1414 aedibcaverit
950 1345 981 1432 (1
998 1350 1073 1437 Reg.
1082 1350 1177 1429 XXII,
1191 1349 1257 1436 39).

138 1474 242 1562 Neque
267 1476 343 1538 enim
366 1475 437 1538 alias
461 1471 567 1536 habuit
589 1475 685 1558 regiae
708 1475 809 1558 stirpis
833 1475 989 1561 conjuges,
1020 1497 1116 1563 neque
1139 1499 1173 1540 ea
1196 1491 1259 1542 erat

138 1602 222 1688 regni
249 1598 399 1663 Israelitici
428 1619 445 1660 a
472 1597 593 1661 Judaeis
623 1600 749 1683 separati
781 1597 928 1675 conditio,
959 1612 993 1663 ut
1020 1614 1152 1687 speraret
1179 1602 1257 1667 filios

138 1723 262 1802 habere,
286 1694 369 1810 quos
399 1721 570 1810 regionibus
593 1734 733 1808 tanquam
756 1725 903 1809 principes
926 1724 1097 1809 praeficeret
1119 1721 1256 1809 (1.17).

137 1841 188 1913 Et'
201 1853 267 1936 quis
290 1869 380 1912 sanus
403 1850 561 1934 putaverit,
586 1846 736 1910 Psalmum
758 1849 789 1910 in
812 1847 956 1912 honorem
975 1853 1062 1936 regis,
1087 1853 1139 1937 qui
1155 1873 1256 1916 omnes

138 1987 339 2038 antecessores
355 1995 426 2038 suos
442 1975 591 2058 impietate
606 1975 637 2034 in
649 1971 793 2036 lehovam
806 1975 957 2059 superavit
969 1968 999 2055 (1
1014 1973 1088 2061 Reg.
1098 1975 1180 2053 XVI,
1189 1972 1255 2058 30),

138 2113 168 2165 et
194 2103 328 2186 regmae,
361 2119 437 2185 quae
458 2097 590 2162 Jehovae
618 2097 780 2184 prophetas
810 2098 908 2162 voluit
935 2098 1090 2164 excindere
1121 2096 1163 2182 (1·
1180 2101 1254 2190 Reg.

136 2223 247 2299 XVIII,
268 2219 319 2304 4),
343 2226 374 2286 in
398 2244 460 2286 eam
484 2223 686 2308 anthologiam
708 2221 832 2286 relatum
855 2221 960 2301 fuisse,
986 2246 1046 2311 quo
1069 2227 1112 2311 pii
1134 2224 1257 2291 Jebovi-

138 2337 221 2412 colae
246 2346 421 2412 uterentur?
453 2346 503 2412 Ad
532 2346 652 2410 domum
682 2343 840 2410 eburneam
869 2345 951 2432 quod
979 2351 1098 2425 attinet,
1128 2354 1255 2438 nequis

138 2473 330 2538 obliviscatur
345 2470 537 2536 Salomonem
560 2470 662 2534 facisse
685 2470 793 2534 solium
817 2469 978 2534 eburneum
999 2493 1147 2559 magnum,
1172 2477 1257 2562 quod

137 2621 210 2663 auro
236 2600 349 2684 optimo
374 2595 503 2661 obduxit
526 2589 556 2677 (1
574 2595 648 2681 Reg.
664 2593 709 2671 X,
730 2590 794 2675 18),
820 2607 849 2659 et
870 2597 977 2660 mirum
999 2595 1079 2673 sore,
1102 2601 1134 2661 ni
1156 2599 1255 2686 aliqua

136 2728 167 2788 in
189 2723 300 2809 palatio
324 2744 380 2786 suo
404 2721 553 2786 conclavia
576 2741 665 2806 opere
689 2720 967 2806 chryselephantino
992 2720 1141 2788 elaborata
1163 2722 1255 2789 habe-

136 2862 196 2926 ret,
226 2869 301 2934 quae
326 2846 515 2932 descriptioni
537 2856 656 2910 nostrae
680 2839 721 2926 (v.
739 2841 772 2926 9)
798 2849 980 2910 occasionem
1004 2845 1116 2911 darent.
1164 2847 1256 2930 Quod

136 2975 184 3038 hit
197 2972 233 3036 de
243 2970 365 3036 Sabaeis
378 2970 521 3036 odoribus
535 2982 564 3033 et
576 2969 611 3033 de
623 2991 696 3033 auro
706 2967 873 3056 Ophiritico
886 2971 1068 3058 significatur
1077 2968 1139 3054 (vv.
1148 2970 1178 3050 9,
1188 2969 1252 3056 10),

136 3097 209 3161 nulli
231 3099 294 3184 regi
316 3097 420 3160 melius
444 3097 581 3160 convenit
604 3115 692 3181 quam
717 3093 887 3173 Solomoni,
920 3100 972 3184 qui
993 3120 1129 3186 magnam
1151 3097 1254 3164 talium

136 3243 234 3286 rerum
264 3225 380 3308 copiam
403 3216 439 3302 (1
457 3221 531 3308 Reg.
547 3219 594 3295 X,
614 3215 671 3295 II,
688 3215 750 3300 22)
779 3221 906 3286 navibus
929 3222 1043 3286 Hirami
1071 3225 1252 3309 importavit.

136 3346 329 3412 Solomonem
358 3365 478 3432 quoque
508 3364 626 3430 sperare
654 3346 804 3429 potuisse,
836 3367 866 3408 se
895 3345 972 3410 filios
996 3369 1067 3411 suos
1091 3350 1252 3432 provinciis

134 3470 353 3560 praefecturam
376 3465 423 3552 (v.
447 3465 520 3550 17),
549 3482 631 3555 patet
659 3492 697 3535 ex
719 3469 770 3532 illa
791 3472 959 3556 principum
982 3474 1044 3534 sive
1068 3483 1253 3558 satraparum

135 3599 355 3662 enumeratione
378 3589 409 3676 (1
426 3593 501 3682 Reg.
516 3589 581 3673 IV).
611 3591 672 3659 Nec
687 3594 765 3659 valet
786 3594 860 3658 illud
883 3595 965 3682 quod
986 3593 1138 3680 objiciunt,
1164 3594 1253 3660 Solo-

134 3744 252 3788 monem
274 3719 427 3807 pacificum
442 3718 543 3795 fuisse,
568 3731 597 3783 et
616 3719 697 3784 nulla
711 3724 838 3807 gessisse
852 3718 943 3798 bella;
966 3743 1028 3784 non
1042 3723 1148 3784 mereri
1161 3723 1253 3808 igitur

134 3848 267 3913 bellicam
290 3845 414 3921 laudem,
440 3865 515 3930 quac
538 3843 586 3908 hic
608 3866 703 3910 novae
720 3857 831 3932 nuptae
847 3847 953 3910 marito
969 3843 1120 3910 tribuitur.
1149 3843 1252 3933 Neque

135 3976 212 4038 enim
240 3971 344 4036 melius
368 3982 450 4034 vates
478 3968 572 4032 ullum
600 3990 698 4056 regem
724 3970 905 4035 laudavisset
927 3991 1015 4057 quam
1043 3970 1251 4056 praedicando,

134 4111 170 4162 ut
184 4098 233 4162 hic
247 4094 324 4173 iecit,
349 4093 552 4160 fortitudinem
567 4117 634 4160 cum
648 4094 878 4183 pulchritudine,
903 4095 1080 4181 eloquentia,
1097 4109 1125 4160 et
1135 4097 1255 4182 justitia

135 4223 331 4308 conjunctam.
364 4219 453 4287 Nulla
474 4220 551 4285 bella
573 4223 666 4308 gessit
680 4217 803 4286 Solomo
827 4221 982 4284 dumtaxat
996 4233 1154 4307 propterea
1170 4219 1253 4308 quod

134 4345 307 4414 recumbens
323 4361 401 4412 esset
414 4348 471 4425 leo,
493 4369 580 4434 quem
595 4368 681 4411 nemo
697 4346 837 4412 lacessere
853 4346 974 4412 auderet
989 4340 1075 4427 (Gen.
1087 4343 1194 4422 XLIX,
1206 4339 1251 4427 9).

133 4471 177 4538 At
199 4493 283 4539 socer
305 4475 410 4560 ipsius,
434 4472 562 4551 Pharao,
588 4469 727 4539 Geseram
748 4471 826 4539 bello
850 4484 966 4560 ceperat
987 4484 1017 4537 et
1039 4468 1250 4547 combusserat,
