3172 5186
775 353 985 468 joo-

323 565 412 632 luisse
434 569 527 631 totius
544 565 734 630 Pentateuchi
752 565 901 630 editorem.
926 567 970 630 Ac
985 565 1111 650 primum
1135 560 1206 624 mihi
1230 571 1437 648 argumentum

323 704 368 757 cst
389 690 477 786 illud,
503 689 583 778 quod
612 712 702 777 supra
726 690 841 755 ostendi
865 687 934 777 (pp.
951 686 1013 754 158
1029 683 1124 774 sqq),
1148 685 1437 766 Deuteronomimm,

322 815 404 903 quod
426 816 637 880 Jehovisticum
668 828 726 890 est,
757 818 906 902 antiquius
934 837 997 879 esse
1019 811 1173 895 Levitico,
1198 815 1248 900 qui
1269 811 1437 874 Elohistam

322 940 378 1005 sibi
402 954 549 1005 auctorem
573 941 738 1027 profitetur.
768 939 807 1005 Ut
823 943 953 1004 omittam
972 961 1020 1004 eas
1044 941 1181 1013 rationes,
1199 957 1272 1023 quas
1295 939 1325 998 in
1348 947 1439 998 textu

322 1087 412 1151 supra
436 1065 573 1154 allegavi,
590 1085 696 1151 easque
713 1086 785 1151 quas
810 1065 879 1128 olim
899 1064 1026 1152 protulit
1040 1063 1168 1127 Joannes
1185 1061 1216 1126 S.
1224 1061 1315 1126 Vater
1331 1054 1437 1141 (Com-

321 1201 442 1255 mectccr
463 1192 512 1255 ot.
530 1189 657 1255 cPeer.
682 1190 716 1254 P.
727 1191 779 1265 lll,
802 1212 854 1276 pp.
872 1185 1081 1268 tte-680),
1105 1191 1155 1276 qui
1180 1185 1330 1250 contendit
1353 1207 1439 1248 »mu-

316 1317 413 1401 jorem
436 1315 657 1380 Deuteronomii
686 1327 798 1400 partem
828 1314 988 1378 eDavidis
1016 1326 1045 1377 et
1067 1311 1237 1377 Solomonis
1265 1321 1358 1374 aetate
1382 1309 1439 1373 ad·

322 1438 427 1514 luisse,
451 1441 578 1526 reliquas
603 1452 700 1504 autem
719 1427 826 1526 'partes
850 1438 1040 1503 Pentateuchi
1068 1450 1173 1524 postea
1197 1436 1334 1523 paulatim
1362 1437 1438 1499 scri·

321 1577 388 1652 ptas
415 1587 477 1631 esse
500 1577 654 1650 totumque
674 1565 904 1629 Pentateuchum
928 1567 1040 1628 circiter
1063 1563 1118 1628 sub
1142 1562 1236 1628 exsilii
1259 1561 1438 1648 Babylonici

321 1702 437 1777 tempus
461 1692 656 1776 compositum
680 1693 760 1753 etin
786 1689 892 1776 vulgus
916 1689 1057 1764 editum«,
1082 1700 1116 1752 ut
1141 1690 1212 1751 istas
1236 1685 1364 1772 eliasque
1387 1709 1439 1749 ra-

321 1819 417 1880 tiones
446 1816 592 1888 omittam,
621 1817 745 1879 seriores
776 1814 1008 1901 historiographi
1037 1825 1192 1901 praecepta
1214 1811 1345 1875 Jehovee
1373 1832 1437 1874 non

320 1938 409 2016 Mosi,
433 1938 484 2003 sed
505 1939 677 2025 »prophetis
689 1939 820 2002 lehovee
841 1942 1002 2004 ministris«
1024 1937 1194 2002 adscribunt
1211 1933 1433 2021 (2R09.XV11,

323 2062 373 2128 10.
397 2061 470 2128 Etr.
482 2063 533 2140 IX,
550 2061 613 2142 ll),
638 2075 667 2127 et
690 2063 889 2128 Telmudistae
913 2063 1020 2129 diserte
1042 2063 1187 2127 affirmant
1205 2059 1436 2141 (Baba-Baua

320 2186 371 2252 iol.
387 2186 436 2264 14,
454 2185 506 2263 15)
524 2185 656 2252 »Mosam
681 2191 833 2274 scripsisse
847 2189 960 2254 librom
979 2211 1068 2252 scoot
1090 2201 1119 2253 et
1143 2190 1308 2273 portionem
1323 2184 1433 2248 Bileam

305 2321 350 2376 aa
378 2311 501 2377 ratum«
531 2310 648 2392 (nram
675 2288 785 2386 mai:
806 2319 932 2385 norst
959 2319 1050 2386 tono
1079 2318 1164 2386 nn:
1190 2283 1319 2390 nanta
1354 2308 1434 2374 unde

321 2440 529 2524 consequimur
557 2449 669 2502 ceteros
697 2437 888 2502 Pentateuchi
920 2437 1026 2514 libros,
1057 2441 1108 2526 qui
1136 2437 1225 2501 hodie
1254 2434 1311 2499 sub
1339 2435 1433 2500 Masis

319 2565 437 2626 nomine
462 2562 713 2639 circumferuntur,
731 2566 782 2650 qui
803 2575 899 2628 tamen
919 2567 1104 2649 »portionem
1119 2563 1247 2626 Bileam«
1272 2564 1433 2636 continent,

320 2689 483 2774 antiquitus
512 2687 592 2752 Mosi
620 2687 804 2774 abjudicatus
833 2709 909 2762 esse,
940 2700 969 2752 et
997 2687 1228 2758 Deuteronomio
1257 2687 1433 2751 recentiores

320 2835 383 2876 esse
405 2811 534 2877 habitos.
572 2811 611 2877 Et
633 2812 732 2878 desum
761 2817 873 2899 ipsum,
899 2833 990 2900 mum
1019 2813 1058 2876 ad
1087 2812 1241 2876 medullam
1270 2811 1343 2898 legis
1365 2810 1433 2874 Mo-

320 2940 413 3002 saicae
429 2936 602 3002 descendere
619 2937 713 3014 vellet,
737 2939 775 3002 ad
798 2938 1060 3004 Deuteronomlum
1077 2938 1232 3004 dumtaxat
1253 2957 1432 3023 provocasse

319 3083 356 3126 ex
379 3060 520 3148 parabola
542 3063 670 3126 Lazarea
692 3075 824 3149 apparet.
855 3062 951 3144 Quum
976 3067 1052 3128 enim
1067 3062 1254 3128 Abrahamus
1277 3061 1320 3125 ibi
1340 3059 1431 3124 Diviti

318 3208 374 3272 pro
394 3184 532 3250 iratribus
556 3189 617 3250 suis
638 3186 805 3273 deprecanti
825 3191 932 3274 ingerit
947 3186 1145 3269 (LocXVllt
1167 3186 1303 3252 »Habent
1317 3185 1431 3250 Mosem

319 3323 348 3374 ct
368 3311 562 3397 prophetas«,
586 3313 705 3398 respicit
727 3313 774 3376 ille
795 3314 900 3399 procul
925 3311 1016 3378 dubio
1032 3311 1069 3376 ad
1092 3311 1307 3377 misericordiae
1328 3311 1431 3396 legem,

228 3451 230 3456 '
319 3457 405 3522 quam
421 3436 682 3501 Deuteronomium
707 3441 856 3525 praecipit,
875 3460 962 3524 quem
977 3447 1072 3502 autem
1091 3441 1166 3502 inter
1181 3437 1253 3502 alios
1270 3437 1432 3524 prophetas

317 3561 416 3626 Hosea
445 3561 660 3628 commendavit
682 3562 779 3627 dicens
807 3562 1055 3629 »misericordiam
1079 3563 1148 3627 volo
1178 3574 1207 3628 et
1233 3585 1293 3626 non
1322 3560 1433 3624 sacrifi-

318 3690 415 3752 cium«
440 3684 501 3766 (Vl,
519 3684 556 3764 63
581 3687 616 3751 cf.
629 3685 802 3762 Moule,
819 3685 868 3752 13.
892 3688 956 3763 llll,
970 3685 1013 3768 7).
1045 3686 1118 3752 Nam
1143 3685 1361 3751 narratiuncula
1383 3684 1432 3749 illa

318 3812 356 3878 de
377 3812 474 3876 Divite
503 3824 533 3876 et
561 3812 674 3876 Lazaro
700 3815 730 3876 in
759 3813 959 3878 misericordia
986 3812 1166 3900 injungenda
1193 3824 1258 3877 tota
1286 3823 1432 3876 versatur.

316 3936 468 4002 luducitur
497 3939 573 4002 enim
600 3936 689 4000 Dives
719 3941 821 4022 poenis
851 3951 921 4025 post
949 3951 1073 4002 mortem
1103 3917 1250 4002 cruciatus
1278 3937 1433 4000 dumtaxat

316 4075 472 4149 propterea
496 4061 593 4148 quod,
618 4083 708 4148 quum
733 4061 893 4128 Abrahemi
916 4062 993 4126 lilius
1023 4076 1098 4128 esset
1122 4060 1182 4142 (vv.
1197 4059 1255 4137 24,
1272 4059 1350 4142 25),
1375 4060 1433 4124 La-

317 4209 433 4264 zarum,
463 4187 501 4252 ad
531 4189 652 4272 januam
683 4209 767 4252 suam
791 4189 935 4273 jacentem
969 4200 997 4252 et
1025 4187 1238 4276 necquidquam
1268 4189 1430 4274 cupientem

316 4311 449 4376 frustulis
479 4313 630 4399 epularum
660 4315 813 4389 sustineri,
839 4311 964 4399 superbe
994 4313 1178 4400 neglexisset.
1224 4311 1285 4376 Nec
1313 4310 1433 4376 dubita·

317 4439 392 4502 serit
414 4442 568 4525 quisquam
591 4441 662 4525 quin
679 4437 775 4512 lesus,
793 4459 884 4526 quum
905 4437 1013 4504 diecret
1029 4436 1154 4515 (Joooc.
1162 4435 1200 4514 V,
1217 4435 1272 4518 46)
1295 4437 1431 4502 »Mosen
