3152 5160
748 321 958 431 „243-

294 531 475 618 flagitiosos,
505 517 665 618 absorpsit.
711 531 769 596 Per
791 531 970 619 baptismum
993 531 1084 595 homo
1108 531 1237 609 ablutus,
1261 553 1315 619 per
1338 530 1414 596 dilu-

294 659 375 720 vium
398 656 527 721 mundus
551 656 678 736 dilutus3
706 678 760 745 pcr
788 670 947 745 utrumque
976 657 1111 722 homines
1140 660 1303 745 regenerati
1333 657 1446 734 sunt‘

294 782 394 846 rolin
422 785 575 870 pristinam
604 787 763 870 puritatem
792 785 931 849 restituti.
979 781 1120 849 Similiter
1141 782 1297 861 israelitae,
1322 803 1414 870 quum

247 959 257 969 ,
294 910 351 971 tuti
374 929 428 994 per
450 907 559 973 fluctus
582 913 671 974 maris
695 909 788 988 rubri,
813 911 864 996 qui
879 908 1039 996 improbos
1055 909 1223 996 Aegyptios
1247 907 1412 985 devoravit,

295 1032 332 1097 ad
361 1045 490 1100 montem
515 1032 596 1099 Sinai
627 1047 840 1123 pervenerunt,
871 1029 1019 1121 baptismo
1050 1035 1180 1122 quodam
1209 1033 1302 1098 abluti
1332 1043 1413 1098 sunt.

295 1134 459 1247 Utrobique
489 1161 580 1247 igitur
609 1183 685 1248 aqua
713 1160 770 1225 fuit
792 1164 1020 1225 instrumentum
1042 1159 1182 1247 baptismi
1205 1159 1253 1224 vel
1275 1157 1415 1246 purifica-

294 1286 393 1361 tionis,
417 1306 471 1372 per
494 1286 577 1373 quod
600 1286 637 1350 ad
660 1308 768 1351 novam
792 1289 892 1362 vitam,
917 1286 1081 1376 intaminati
1098 1285 1242 1350 malorum
1258 1284 1415 1349 hominum

295 1413 461 1488 consortio,
486 1425 693 1499 pervenerunt.
740 1409 906 1498 Utrobique
929 1409 1058 1474 Ecclesia
1080 1409 1152 1488 Dei,
1180 1433 1255 1498 quae
1277 1423 1338 1475 tam
1360 1432 1416 1497 per

294 1557 389 1600 arcam
406 1535 518 1614 diluvii,
537 1559 624 1625 quam
640 1560 693 1625 per
709 1537 839 1603 exodum
850 1535 1046 1601 Israelitarum
1062 1535 1254 1623 significatur,
1268 1536 1413 1624 arcliquo

293 1662 404 1727 mundo
435 1677 569 1750 separata
587 1676 638 1738 ast
660 1676 689 1728 et
712 1676 874 1752 segregata.
919 1659 981 1726 Nec
1002 1673 1101 1726 tamen
1125 1661 1259 1727 oblivisci
1283 1675 1412 1747 oportet,

293 1788 416 1854 salutem
439 1789 526 1868 illam,
552 1811 639 1877 quam
662 1788 791 1854 Ecclesia
813 1800 953 1876 praestat,
978 1809 1039 1852 non
1060 1785 1150 1851 modo
1161 1811 1224 1874 per
1238 1809 1345 1875 aquam
1361 1784 1414 1851 sed

294 1909 378 1978 etiam
409 1937 447 1980 aa
474 1938 552 2002 aqua
581 1938 644 1980 esse
673 1928 914 1980 consummatam.
960 1911 1053 2000 Apud
1083 1911 1210 1978 Graecos
1239 1916 1413 2001 praesertim

293 2041 394 2103 intima
424 2044 580 2126 σωτηρίας
608 2043 691 2105 notio
729 2063 794 2106 cum
829 2043 1042 2106 maritimorum
1072 2039 1270 2125 periculorum
1302 2037 1411 2128 effugio

294 2166 450 2250 conjuncta
473 2179 543 2230 erat.
581 2162 707 2232 Constat
725 2170 801 2231 enim
817 2166 907 2244 Deos,
932 2186 1009 2252 quos
1034 2168 1143 2228 sinon
1166 2165 1256 2243 solos,
1283 2177 1411 2230 atcerte

293 2311 363 2378 prae
387 2292 464 2370 aliis,
496 2295 638 2378 σωτῆρας
666 2293 868 2381 appellabant,
901 2313 951 2356 cos
976 2313 1054 2368 esse,
1090 2289 1199 2377 quibus
1230 2293 1259 2354 in
1290 2294 1411 2356 summis

292 2428 497 2504 tempestatum
524 2418 662 2506 periculis
692 2431 763 2483 vota
790 2442 847 2506 pro
879 2418 973 2483 salute
1002 2415 1149 2481 faciebant
1175 2411 1288 2498 (videas
1317 2437 1411 2480 meam

294 2546 514 2609 annotationem
531 2544 568 2608 ad
583 2543 669 2608 Pind.
688 2543 733 2610 Ol.
750 2543 826 2622 Vlll,
844 2540 910 2626 21).
945 2543 1035 2607 lmmo
1053 2565 1124 2607 vero
1146 2541 1226 2607 nulla
1243 2555 1288 2606 est
1301 2541 1411 2607 tutelae

292 2671 454 2754 praesentis
471 2681 499 2733 et
514 2669 614 2757 effugii
630 2669 777 2735 efficacior
797 2671 905 2757 imago,
931 2672 1060 2757 quamsi
1077 2671 1143 2757 quis
1160 2672 1189 2733 in
1205 2691 1285 2733 mare
1301 2668 1411 2732 tumul-

292 2806 412 2860 tuosum
442 2807 472 2858 ct
498 2794 659 2884 naufragiis
688 2809 801 2862 scatens
832 2818 847 2860 e
876 2795 974 2861 littore
1003 2798 1149 2883 respiciat.
1186 2792 1269 2861 Unde
1300 2796 1410 2881 optime

292 2933 381 3006 poeta
404 2915 533 3002 (Lucret.
548 2921 582 3000 ll,
602 2917 649 3004 1):

426 3041 534 3127 Suara,
558 3050 633 3113 mari
654 3067 762 3136 magno
786 3045 977 3113 turbantibus
1001 3067 1131 3136 aequora
1153 3049 1258 3125 ventis,

423 3170 448 3237 Ε
470 3185 550 3238 terra
572 3195 711 3261 magnum
735 3174 854 3239 alterius
878 3187 1010 3262 spectare
1032 3171 1173 3239 laborem.
1277 3247 1279 3252 ¹

293 3295 382 3381 Quod
404 3309 500 3363 autem
525 3298 563 3363 ad
585 3312 719 3365 nostram
740 3321 801 3365 rem
824 3304 941 3378 attinet,
969 3299 1044 3365 illud
1067 3298 1274 3364 observatione
1298 3295 1410 3384 dignis-

291 3426 397 3488 simum
420 3437 477 3504 est,
509 3424 593 3513 quod
621 3425 676 3490 bae
704 3429 769 3514 ipsa
797 3429 923 3515 imagine
954 3438 1081 3491 utuntur
1105 3423 1222 3503 Graeci,
1254 3445 1345 3511 qrrum
1374 3421 1409 3486 de

290 3553 436 3637 mysteriis
460 3551 516 3614 illis
541 3555 731 3617 sanctissimis
757 3555 869 3642 agitur,
901 3573 976 3639 quae
1000 3552 1038 3615 ad
1060 3551 1239 3638 baptismum
1264 3547 1409 3615 Christia-

290 3695 396 3740 norum
419 3689 479 3741 tarn
507 3674 650 3762 symbolis
681 3700 768 3767 quam
798 3701 887 3744 sensu
917 3681 1053 3766 proxime
1082 3674 1267 3742 accedebant.
1312 3675 1408 3740 Multa

290 3815 373 3868 erant
394 3799 529 3891 proiecto
553 3806 583 3868 in
606 3805 662 3869 illis
681 3807 829 3893 mysteriis
854 3824 929 3892 quae
951 3827 1066 3893 semper
1081 3817 1184 3892 operta
1199 3814 1287 3891 atque
1303 3821 1409 3866 areana

289 3929 459 3996 manebunt.
506 3928 566 3994 Sed
590 3934 661 3996 satis
684 3944 789 3996 notum
812 3943 865 4010 est,
891 3932 1102 4020 hierophantas
1126 3930 1192 3996 illos
1216 3932 1321 4018 mystis
1345 3931 1408 3992 suis

288 4057 380 4122 multa
407 4054 564 4122 tradidisse
594 4056 629 4120 de
658 4057 876 4122 immortalitate
906 4061 1031 4134 animae,
1063 4070 1092 4121 et
1120 4056 1156 4121 dc
1184 4055 1268 4120 malis
1295 4068 1355 4120 tarn
1378 4056 1409 4118 in

290 4185 349 4246 vita
372 4205 461 4270 quam
483 4194 694 4268 postmortem
712 4182 854 4259 vitandis3
870 4186 1014 4248 nemiuem
1029 4196 1128 4247 autem
1142 4185 1291 4246 initiatum
1306 4179 1407 4257 luisse,

287 4308 345 4371 nisi
366 4321 438 4395 post
460 4304 689 4394 προκάθαρσιν
715 4308 871 4396 qnamdam
896 4309 940 4372 vel
965 4307 1186 4394 προάγνευσιν.
1223 4307 1323 4394 Atque
1338 4306 1409 4369 huic

286 4428 435 4518 baptismo
461 4446 603 4522 praterna
626 4435 675 4500 illa
699 4433 841 4502 elementa
864 4431 1059 4514 adhibebant3
1082 4456 1144 4500 non
1167 4433 1257 4500 modo
1281 4454 1407 4521 aquam,
