3164 5176
807 333 886 408 260

293 565 369 610 mam
398 543 516 610 Doridis
543 547 701 631 potentiam
729 543 877 608 Philistaei
908 547 984 608 inter
1013 544 1194 608 saevissimos
1222 555 1251 608 et
1277 545 1403 607 maxime

292 669 495 736 formidolosos
517 669 695 735 Iraelitarutu
723 669 822 734 hostes
853 667 1058 745 censebantur,
1081 669 1233 734 verisimile
1255 680 1299 732 est
1322 666 1403 733 Sim·

291 797 370 860 sonis
400 794 564 871 historiam,
588 817 662 884 quae
689 796 719 858 iu
741 793 810 859 Jud.
827 815 869 858 cc.
888 791 1081 859 XIII—XVI
1108 805 1257 871 narratur,
1281 805 1404 880 pontem

291 921 374 1008 quasi
395 921 571 1006 trajectionis
594 941 665 997 esse,
690 941 748 1008 quo
773 940 790 982 a
812 917 948 982 Judicum
969 918 1151 1005 temporibus
1174 919 1212 984 ad
1234 939 1297 983 eam
1320 929 1403 1018 aeta7

290 1057 349 1110 tem
370 1058 549 1110 transeamus
570 1065 629 1131 qua
651 1065 772 1128 regnum
793 1021 868 1108 inter
883 1044 1026 1108 Israelitas
1049 1043 1290 1109 constituebam.
1320 1041 1405 1117 Quae

291 1191 380 1259 quum
403 1173 443 1234 ita
466 1173 532 1246 sint,
557 1172 597 1233 sie
620 1167 735 1234 ordines
759 1169 825 1233 licet
847 1168 999 1254 periodum
1021 1168 1188 1234 historicam
1211 1180 1403 1233 acastrame·

290 1298 399 1394 tatione
422 1293 576 1379 Gilgalensi
598 1292 635 1357 ad
658 1292 741 1358 Sauli
762 1315 899 1378 regnum,
923 1297 970 1358 cui
992 1293 1133 1358 Herveius
1154 1305 1270 1370 noster,
1293 1315 1402 1380 genea-

290 1419 373 1504 logiis
395 1417 496 1496 fretus,
519 1440 579 1483 non
601 1418 668 1505 plus
691 1439 779 1506 quam
802 1417 903 1482 text
926 1441 1017 1484 annos
1041 1418 1182 1484 coneedit.

288 1596 397 1663 Josuae
417 1599 537 1662 vittoria
958 1595 1020 1662 Jos.
1038 1620 1063 1661 c.
1075 1595 1114 1663 X.

290 1721 430 1788 0tbnielis
452 1725 603 1809 Imperium
959 1719 1028 1786 Jud.
1046 1744 1070 1786 c.
1083 1721 1135 1798 III,
1153 1720 1277 1786 8-11.

247 1829 251 1836 ⁴
289 1843 458 1934 Shamgaris
480 1850 600 1911 victoria
958 1845 1027 1911 Jud.
1046 1846 1136 1924 c.lII‚
1153 1845 1205 1910 31.

288 1971 422 2037 Deborae
438 1962 565 2036 'victoria
957 1968 1019 2036 Jos.
1037 1994 1061 2036 c.
1074 1971 1125 2035 XI.
1149 1971 1217 2036 Iud.
1235 1994 1260 2036 c.
1276 1970 1326 2047 IV,
1342 1962 1380 2035 V.

288 2095 399 2173 Ehndi,
423 2095 574 2173 Gideonis,
589 2094 734 2182 Jepbthae
755 2117 802 2160 res
824 2109 922 2182 gestae
957 2095 1025 2161 tud.
1033 2095 1079 2173 III,
1090 2095 1398 2173 12-30‚V1-v111,

214 2267 218 2274 .
333 2233 362 2286 et
383 2223 535 2309 imperium
1001 2220 1058 2299 XI,
1076 2221 1144 2299 XII,
1163 2221 1258 2286 1-7.

288 2343 377 2411 Vam'a
391 2348 538 2411 variorum
555 2349 683 2433 imperia,
697 2368 734 2410 ex
748 2347 806 2411 isto
817 2349 920 2412 trium-

331 2475 427 2537 viratu
449 2470 573 2536 oriunda
955 2468 1024 2535 Jud.
1037 2470 1094 2549 IX,
1110 2470 1154 2548 X,
1171 2470 1239 2548 XII,
1257 2470 1376 2537 8-15.

236 2653 247 2674 ,
286 2595 397 2662 Eodem
419 2596 479 2662 fere
505 2609 635 2683 tempore
659 2596 740 2662 civile
762 2595 870 2661 bellum
893 2608 922 2660 et
945 2629 946 2633 ¹

329 2721 586 2808 Benjaminitarum
610 2721 753 2787 excidium
956 2717 1024 2786 Jud.
1039 2719 1120 2798 XIX,
1136 2721 1205 2799 XX,
1221 2721 1301 2788 XXI.

285 2845 398 2911 Micbae
413 2846 534 2910 instoria
549 2858 579 2910 et
588 2845 760 2911 Dauitarum
776 2845 920 2933 expeditio
955 2844 1023 2910 Jud.
1037 2844 1129 2924 XVII,
1146 2845 1250 2912 XVIII.

221 2979 224 2986 '
284 2969 505 3036 Philistaeorum
533 2969 691 3035 dominatio
720 2980 749 3035 et
777 2969 920 3036 Sitnsonis
1018 3007 1020 3012 ·

328 3094 451 3161 Danitae
472 3118 518 3162 res
544 3108 642 3183 gestae
665 3107 694 3160 et
718 3098 870 3184 imperium
953 3095 1022 3161 Jud.
1035 3095 1225 3162 XIII-XVI.

371 3291 419 3357 Ex
445 3294 501 3357 isto
524 3314 621 3358 rerum
648 3303 795 3378 gestamm
822 3291 936 3370 ordine,
961 3313 1047 3380 quem
1075 3313 1160 3357 nemo
1189 3305 1259 3380 post
1280 3259 1412 3360 Hervett'

284 3414 508 3503 disputationem
529 3417 575 3482 rel
597 3439 698 3483 verum
727 3439 790 3482 esse
810 3419 857 3482 vei
878 3440 948 3483 vero
970 3423 1138 3505 proxumum
1166 3419 1298 3504 negabit,
1322 3419 1394 3485 affa-

283 3544 335 3606 tim
357 3542 448 3632 IIquet
474 3543 584 3608 scribas
607 3541 818 3608 Masoretbicos
846 3545 979 3608 eximiam
1001 3557 1132 3610 veterum
1154 3544 1395 3610 documentorum

282 3670 516 3757 materiamque
538 3667 737 3744 abundabant,
760 3689 815 3732 nee
837 3667 967 3754 dIgerere
989 3671 1119 3755 potuisse
1141 3691 1195 3734 nec
1217 3673 1286 3734 satis
1308 3670 1394 3734 iutel-

259 3791 379 3879 ,Iigere
403 3791 517 3868 Quibus
537 3805 633 3858 tamen
653 3792 728 3857 banc
743 3795 865 3879 gratiam
887 3793 1038 3869 habemus,
1055 3793 1134 3883 quod
1156 3797 1284 3880 Integros
1299 3794 1394 3858 saltim

281 3938 395 4005 pannos
418 3917 607 3996 consuebant,
632 3939 706 4007 quos
728 3921 868 3983 resarcire
894 3921 1048 4004 possimus,
1073 3931 1159 4007 atque
1182 3923 1221 3983 ita
1245 3922 1393 4008 antiquam

282 4055 391 4110 vestem
414 4040 624 4134 quadamtenus
647 4043 851 4130 redintegrare.

733 4321 943 4336 m
