3152 5160
846 340 896 412 66

310 549 483 628 verborum,
509 562 539 614 et
560 549 743 637 parabolicos
766 570 865 614 rerum
889 551 1096 628 enarrationes,
1123 572 1198 639 quae
1220 551 1291 616 huie
1313 561 1433 614 senten·

308 679 366 740 tiae
390 675 602 763 quadamtenus
626 675 723 740 lavere
746 675 911 755 videantur,
941 676 1101 742 contendas
1123 689 1222 740 tamen
1244 697 1362 740 necesse
1386 687 1433 740 est

310 801 430 866 eandem
457 804 598 866 universo
623 799 845 887 Scripturas-um
875 799 1015 878 consilio,
1047 813 1076 866 et
1101 773 1292 889 apertissimis
1317 798 1431 866 Christi

308 927 585 1014 Apostoloraunque
609 924 707 992 verbis
736 928 902 1012 perniciose
930 947 1105 1014 repugnare.
1151 926 1184 991 ln
1212 939 1272 992 tam
1298 928 1430 1012 perversi

309 1053 417 1116 erroris
441 1055 584 1140 originem
608 1064 638 1117 et
660 1073 762 1118 causas
786 1050 881 1116 fusius
905 1054 1068 1138 inquirere,
1094 1064 1124 1117 et
1144 1064 1309 1117 monstrare
1334 1049 1385 1115 ubi
1399 1063 1431 1114 ct

309 1177 462 1264 quomodo
487 1189 622 1242 auctores
641 1179 727 1272 istius
745 1179 894 1262 opinionis
911 1175 1018 1242 Sacrae
1034 1163 1206 1264 Scripturae
1221 1199 1340 1242 sensum
1354 1175 1430 1240 male

308 1305 369 1368 sint
396 1305 596 1389 interpretati,
628 1325 689 1366 non
716 1316 793 1368 esset
815 1301 906 1386 hujus
929 1302 986 1366 loci
1010 1314 1040 1366 et
1060 1305 1212 1389 temporis.
1259 1301 1339 1366 Satis
1362 1303 1428 1377 erit,

308 1431 333 1492 si
362 1431 405 1492 rei
433 1431 526 1492 totius
557 1450 700 1493 summam
730 1411 901 1492 brevissinde
930 1426 1140 1514 profligavere.
1188 1422 1234 1510 (l)
1263 1427 1297 1490 ln
1323 1427 1429 1513 primis

296 1556 399 1642 igitur
430 1547 597 1630 ostendam,
634 1556 660 1616 si
688 1542 795 1618 natura
824 1553 952 1618 hominis
980 1553 1047 1616 talis
1077 1565 1137 1628 est,
1174 1552 1288 1639 qualem
1319 1550 1429 1616 deseri-

307 1678 352 1743 bit
381 1676 471 1744 Sacra
500 1677 670 1765 Scriptura,
707 1691 737 1744 et
765 1677 919 1742 confirmat
946 1677 1153 1764 philosophia,
1187 1699 1262 1764 quae
1291 1689 1426 1753 vocatur,

307 1804 523 1890 metaphysica,
555 1804 637 1868 nullo
667 1816 753 1890 pacto
783 1803 845 1868 fieri
873 1823 977 1890 posse,
1012 1815 1047 1866 ut
1076 1815 1180 1868 auctor
1208 1815 1296 1890 atque
1325 1823 1426 1890 agens,

306 1931 421 1994 ratione
444 1929 612 2015 praeditus,
643 1928 792 1994 hominem
816 1926 855 1991 ad
876 1927 971 1992 scelus
996 1927 1133 1998 sollicitet
1155 1929 1239 1994 aliter
1262 1949 1350 2014 quam
1373 1949 1428 2014 per

308 2071 411 2116 sensus
436 2073 613 2138 corporeos,
639 2052 749 2140 quibus
773 2055 871 2116 omnia
893 2055 1081 2139 percipimus.
1127 2054 1193 2118 lam
1216 2075 1297 2129 vero,
1322 2075 1428 2118 secun·

307 2176 378 2241 dnm
402 2174 508 2242 Sacras
530 2177 659 2254 litteras,
684 2178 774 2244 homo
798 2190 843 2245 est
867 2177 977 2263 duplici
995 2190 1102 2244 nabua
1116 2191 1287 2256 concretum
1310 2189 1428 2243 constat

307 2304 383 2368 enim
405 2315 523 2368 terreno
548 2325 672 2390 corpore
695 2306 714 2368 i.
732 2325 757 2367 e.
782 2326 884 2386 corae,
909 2315 938 2367 et
961 2303 1062 2370 divino
1085 2306 1205 2390 spiritu.
1243 2302 1366 2392 Utique,
1390 2316 1427 2367 ut
1482 2333 1485 2339 ·

306 2425 439 2494 Thomas
469 2427 616 2506 Browne,
653 2432 700 2494 vir
730 2427 872 2516 singulari
901 2431 1035 2517 ingenio,
1071 2428 1260 2516 praedicabat
1290 2424 1425 2516 (Rehgio

304 2553 413 2618 Medici
434 2551 601 2637 XXXIV),
632 2555 723 2620 bomo
752 2567 797 2620 est
826 2553 922 2620 solum
951 2565 1040 2642 atque
1068 2558 1188 2622 unicum
1214 2558 1245 2620 in
1268 2555 1323 2618 hac
1345 2566 1426 2619 terra

305 2674 471 2764 ἀμφίβιον.
514 2677 596 2744 Nihil
618 2683 718 2767 igitur,
742 2682 800 2744 nisi
822 2680 904 2745 Deus
927 2683 1005 2767 ipse,
1030 2703 1060 2746 se
1083 2683 1115 2745 in
1138 2679 1271 2746 divinum
1293 2680 1424 2746 hominis

305 2807 443 2890 spiritum
471 2807 632 2868 immiscere
662 2817 692 2870 ct
720 2808 869 2870 insinuare
893 2805 986 2882 valet,
1017 2818 1052 2871 ut
1073 2805 1120 2870 vel
1149 2809 1343 2893 cogitationes
1366 2805 1425 2869 hu-

303 2949 405 2994 manas
432 2929 576 3016 intelligat
604 2929 650 2994 vel
684 2952 778 2996 novae
807 2930 880 3018 quid
908 2933 1097 3019 cogitationis
1127 2929 1272 3016 subjiciat.
1318 2929 1352 2995 Id
1378 2943 1425 2994 est

304 3051 435 3140 Spiritus
453 3052 555 3120 Sancti
580 3052 724 3131 officium,
749 3077 803 3120 nec
826 3077 891 3121 cnm
915 3055 989 3135 alio,
1013 3077 1110 3145 eoque
1132 3055 1271 3143 maligno,
1296 3053 1422 3142 Spiritu,

303 3181 329 3243 si
351 3179 471 3266 maligni
495 3177 626 3266 Spiritus
649 3193 761 3259 essent,
786 3185 995 3248 communicari
1018 3195 1130 3271 posset.
1171 3181 1252 3268 Ergo
1276 3179 1423 3247 Diabolus

302 3303 363 3382 ille,
395 3325 482 3392 quem
510 3304 681 3392 perhibent,
711 3329 773 3374 non
801 3311 863 3394 agit
891 3311 990 3374 statim
1018 3319 1107 3394 atque
1134 3307 1363 3372 immaterialiter
1390 3309 1423 3370 in

302 3431 427 3496 animam
456 3435 613 3519 peccantis.
661 3431 694 3498 Si
723 3446 820 3500 autem
849 3432 977 3500 affirmas
1007 3456 1073 3498 eum
1100 3431 1230 3500 membra
1253 3446 1283 3498 et
1305 3453 1423 3498 carnem

302 3557 430 3622 hominis
454 3579 612 3646 occupare,
638 3571 726 3646 atque
749 3560 817 3624 inde
840 3581 893 3646 per
916 3564 1065 3647 appetitus
1088 3562 1119 3626 iu
1141 3561 1323 3646 superiorem
1339 3580 1424 3624 men·

301 3684 339 3746 tis
363 3681 462 3746 sedem
485 3682 657 3761 ascendere,
687 3683 761 3749 illud
783 3696 828 3752 est
851 3707 967 3752 omnem
989 3684 1174 3772 personalem
1197 3697 1226 3750 et
1246 3683 1420 3750 rationalem

300 3819 436 3872 naturam
453 3807 580 3874 Diabolo
605 3807 789 3895 abjudicare,
815 3824 844 3876 et
866 3833 973 3898 negare
996 3810 1157 3898 quidquam
1180 3813 1321 3876 interesse
1343 3812 1421 3875 inter

299 3935 398 4020 ipsum
422 3946 452 3998 ct
474 3956 589 4001 carnem
612 3933 779 4000 humanam.
826 3934 926 4002 Veluti
950 3958 1042 4024 quum
1064 3935 1102 3999 D.
1121 3936 1248 4012 Paulus,
1280 3934 1315 4000 de
1337 3933 1421 3998 infir·

299 4060 399 4126 mitate
430 4059 556 4147 quadam
586 4081 641 4126 sua
668 4058 814 4138 scribens,
845 4057 949 4146 ἐδόθη
979 4083 1049 4145 μοι,
1081 4063 1194 4148 inquit,
1227 4057 1354 4148 σκόλοψ
1381 4058 1420 4148 τῇ

300 4189 433 4268 σαρκί,
456 4182 628 4266 ἄγγελος
651 4185 819 4262 naturai,
844 4190 953 4270 ἵναμο
976 4183 1133 4278 κολαφίζῃ
1149 4181 1182 4268 (2
1200 4183 1271 4252 Cor.
1287 4178 1417 4265 xlta),

298 4321 381 4394 patet
402 4331 484 4387 eum,
509 4333 574 4376 cum
598 4311 718 4400 reliquis
732 4309 863 4390 ludaeis,
889 4315 976 4378 etiam
998 4311 1121 4378 morbos
1145 4333 1316 4398 corporeos,
1341 4330 1418 4398 quo-

297 4454 364 4499 rum
387 4437 473 4521 origo
496 4435 629 4504 nondum
651 4440 837 4516 innotuerat,
862 4437 898 4506 ad
922 4437 1083 4524 spiritalem
1100 4435 1333 4526 qualemcunque
1354 4456 1418 4500 ma-
