3172 5186
684 373 761 450 313

159 585 308 652 tuentium
335 581 481 648 fluctuum
505 585 699 669 jactationes,
729 605 796 650 arca
818 583 873 651 Dei
901 585 1018 652 demum
1040 590 1072 652 in
1094 588 1281 676 tranquillam

159 727 441 795 permansuramque
462 708 569 785 sedam,
592 711 677 795 quasi
700 711 730 772 in
752 729 857 775 securo
878 723 984 796 portu,
1014 732 1167 798 egressum
1187 709 1281 778 facere

159 829 326 908 videbatur,
351 832 414 908 bic,
437 835 574 920 inquam,
598 831 651 898 ubi
666 832 747 898 Deus
771 845 912 920 tanquam
929 855 1069 920 praesens
1084 834 1281 902 Israelitarum

159 967 296 1024 serrator
322 955 460 1023 laudibus
490 957 658 1034 extollitur,
687 958 748 1022 illa.
765 958 847 1022 electi
869 958 975 1046 populi
998 962 1146 1026 restitutio
1172 959 1281 1026 descri-

148 1078 250 1157 bitur,
275 1103 337 1146 non
359 1080 450 1146 modo
474 1095 610 1169 respectu
634 1081 736 1147 habito
753 1081 791 1148 ad
805 1085 972 1170 proximam
987 1082 1167 1148 Basanitidis
1181 1087 1280 1172 regio·
1362 1051 1369 1064 .

159 1225 240 1282 nem,
265 1203 316 1270 ubi
332 1209 453 1270 summis
469 1206 606 1294 periculis
623 1205 846 1284 conflictabant,
869 1205 947 1272 unde
963 1211 1049 1272 etiam
1064 1210 1279 1276 recentissimae

158 1328 358 1400 Moabitarum
389 1333 638 1418 conspirationes,
670 1335 806 1419 proxime
830 1335 947 1396 venturi
971 1331 1129 1419 Syriarum
1152 1334 1279 1420 impetus

157 1453 379 1534 minitabantur,
404 1456 455 1522 sed
479 1459 566 1522 etiam
589 1461 620 1522 in
642 1478 748 1547 genere
771 1469 911 1542 tanquam
928 1459 953 1520 si
969 1461 1081 1544 puppis
1096 1479 1189 1544 paene
1204 1479 1279 1527 nau·

159 1577 242 1668 Iraga
265 1579 316 1646 dIu
332 1584 498 1668 quaesitum
513 1596 634 1668 portum
649 1580 766 1648 sortiter
782 1593 948 1667 occuparet
977 1579 1052 1646 Nam
1068 1603 1130 1646 vox
1145 1559 1277 1688 ³223&

158 1717 194 1772 ut
214 1717 245 1772 et
265 1704 387 1772 brevior
409 1705 503 1772 forma
527 1681 629 1810 sibit,
653 1705 838 1772 ferocientem
863 1709 950 1769 maris
966 1708 1114 1792 gurgitem
1128 1707 1175 1770 vel
1190 1729 1279 1774 vora-

158 1831 256 1918 giuem
277 1829 413 1908 denotat,
438 1833 463 1894 si
487 1831 525 1896 ad
547 1831 707 1896 Arabicum
735 1821 815 1915 Ibe,
845 1831 967 1912 saeviit,
992 1829 1143 1918 coniugis3
1171 1835 1217 1896 sin
1240 1831 1278 1896 ad

157 1953 285 2020 radicem
307 1927 399 2058 bbg,
423 1957 555 2022 tenebris
570 1957 767 2022 obumbratus
783 1965 834 2036 est,
857 1966 982 2041 spectas,
1007 1955 1151 2042 intelliges
1168 1951 1279 2038 ἔρεβος

157 2075 298 2163 ὕφαλον,
322 2079 405 2166 quod
429 2092 510 2145 tanta
526 2084 554 2146 vi
579 2080 718 2146 describit
733 2079 898 2168 Sophocles
916 2073 1031 2166 (Antig.
1048 2075 1141 2162 585):
1165 2076 1279 2164 ipone

158 2200 238 2268 cioca
253 2201 353 2288 οἶδμα
368 2201 448 2269 ὅταν
470 2201 609 2290 ἔρεβος
631 2204 791 2290 ὕφαλον
807 2202 979 2294 ἐπιδράμῃ,
1004 2202 1146 2268 κυλίνδει
1159 2203 1277 2288 βυσσό-

157 2329 222 2394 θεν
249 2324 445 2396 κελαινὰν
472 2332 556 2396 θῖνα
584 2333 637 2396 οιαὶ
672 2328 910 2410 δνσάνεμον.
955 2326 1016 2392 Sed
1044 2328 1190 2415 quidquid
1217 2341 1278 2394 sta·

157 2455 249 2518 tueris
273 2452 413 2520 devocio
437 2467 551 2542 etymo,
574 2456 662 2543 plane
684 2453 880 2541 significatum
903 2451 994 2520 habes
1017 2475 1163 2520 summum
1187 2455 1276 2518 marla

157 2575 291 2665 naufragi
314 2578 478 2664 periculum
500 2574 550 2661 (ol.
565 2579 673 2644 Psalm.
691 2576 786 2656 CVII,
811 2602 860 2642 vv.
878 2573 1035 2659 23-32).

247 2725 277 2765 v.
293 2700 347 2768 24.
371 2704 439 2770 vide
462 2703 500 2768 ad
521 2702 609 2770 Num.
625 2701 736 2780 XXIV,
754 2701 785 2768 8.
809 2723 904 2794 supra
922 2724 953 2788 p.
971 2700 1046 2768 217.

247 2849 275 2888 v.
293 2825 345 2894 27.
370 2828 438 2893 vide
460 2828 499 2892 ad
520 2829 608 2894 Deut.
624 2828 767 2906 XXXIII,
786 2826 838 2892 28.
863 2849 954 2914 supra
976 2850 1008 2914 p.
1025 2823 1100 2894 231.

246 2975 275 3016 r.
293 2949 345 3020 31.
380 2951 425 3020 De
447 2953 504 3020 boc
528 2975 631 3030 versu,
656 2975 743 3040 quem
761 2952 928 3039 complures
945 2954 1037 3016 critici
1053 2952 1276 3016 versatissimum

157 3082 349 3157 invenerunt,
379 3079 450 3144 mibi
478 3078 596 3165 quidem
626 3078 708 3145 nulla
738 3091 782 3144 est
811 3076 968 3142 dubitatio.
1015 3076 1048 3140 In
1073 3077 1175 3163 primis
1200 3077 1277 3140 enim

153 3205 260 3277 leones
287 3215 316 3268 et
344 3203 432 3270 boves
453 3201 631 3268 Barantea·
659 3203 705 3268 vel
728 3203 818 3268 boves
840 3203 949 3290 boffoli
977 3205 1018 3266 ita
1041 3200 1223 3266 inducuntur
1245 3203 1276 3266 in

157 3327 333 3396 carminibus
349 3325 510 3403 Hebraicis,
533 3339 569 3392 ut
590 3328 686 3415 figura
710 3326 837 3414 quadam
854 3325 1021 3392 describant
1035 3328 1168 3393 inimicos
1185 3347 1277 3412 quos·

158 3456 202 3520 uis
224 3464 360 3542 potentes
384 3474 417 3518 ao
439 3452 593 3540 malignos,
621 3451 711 3539 idque
734 3453 924 3537 conjunctim.
969 3449 1106 3535 Exempli
1128 3452 1224 3536 gratia
1245 3451 1276 3518 in

156 3579 273 3644 Psalmo
288 3577 388 3653 XXII,
414 3597 501 3664 quem
517 3574 659 3642 Servator
681 3579 744 3663 ipse
768 3573 905 3641 adhibuit
928 3573 966 3638 ad
989 3595 1058 3641 suas
1075 3576 1207 3662 miserias
1223 3594 1276 3640 ex·

156 3703 333 3792 primendas,
357 3703 403 3768 bis
428 3703 556 3766 occurrit
578 3702 650 3767 heco
672 3701 825 3768 translatio
850 3696 1042 3776 νι.13,14ο

415 3829 661 3890 Circumdederunt
674 3849 718 3888 me
729 3829 844 3904 juvenci
859 3828 947 3900 multi,

412 3938 531 4000 Feroces
545 3939 660 3996 Basanis
675 3939 748 3996 tauri
762 3956 806 3994 me
823 3938 976 3994 olnxerrmt.

412 4019 590 4122 Aperuerunt
605 4055 700 4104 contra
714 4063 759 4104 me
775 4063 805 4101 os
822 4061 912 4114 suum,

414 4153 559 4227 Tanquam
575 4153 618 4210 leo
633 4153 741 4228 rapiens
758 4161 785 4209 et
799 4153 920 4228 rugiens.

156 4267 257 4356 Atque
279 4267 386 4333 iterum
410 4289 438 4330 v.
456 4265 514 4330 22:

413 4385 501 4444 Serva
515 4401 560 4441 nra
576 4401 593 4439 a
607 4381 733 4440 faucibus
747 4384 844 4452 leonis,

358 4491 361 4496 '
413 4494 441 4551 A
456 4491 586 4554 cornibus
600 4491 681 4550 bovis
696 4489 792 4548 buffeli
806 4507 850 4548 mc
867 4487 990 4549 deiende.
