3152 5160
678 306 751 380 119

150 519 311 583 solemnem
332 516 411 582 illam
427 537 562 596 coenam,
588 529 632 594 et,
657 538 733 603 quae
749 539 815 582 eum
831 518 880 582 illa
896 521 1055 606 conjuncta
1070 533 1167 597 erant,
1192 543 1274 608 spem

151 655 180 708 et
209 643 349 708 laetitiam
377 645 471 730 patris
496 645 543 707 sui
565 640 696 708 ludibrio
719 641 876 754 babqisse,
908 657 938 710 et
961 627 1162 734 contemptum
1185 668 1274 711 suum

151 768 250 834 verbis
273 781 303 833 et
324 766 458 856 gestibus
483 741 669 833 declarasse?
696 767 806 833 Errant
827 767 962 856 proiecto
987 775 1039 858 qui
1062 794 1180 836 sensum
1203 793 1274 859 par-

150 895 242 982 ticipii
271 897 380 1000 prim
403 896 435 960 in
457 891 584 957 Paulino
607 891 700 958 verbo
726 888 833 958 dodau
856 896 1057 982 quaerendum
1080 895 1271 961 arbitrantur.

149 1017 224 1083 Nam
253 1021 284 1083 in
306 1015 394 1083 Novo
419 1018 610 1082 Testamenta
640 1009 746 1082 ardua
770 1031 815 1083 est
842 1043 934 1103 aeuo,
965 1021 1094 1104 lacesso,
1124 1023 1273 1106 iuy⁷au¹ium

150 1141 252 1232 insero
281 1125 364 1227 (Gal.
383 1142 421 1220 V,
446 1139 497 1207 11.
527 1141 642 1208 2Cor.
665 1141 761 1220 lv,9
793 1139 892 1226 alibi).
938 1145 978 1210 Et
1004 1167 1097 1232 quum
1119 1145 1201 1210 nulla
1224 1147 1273 1212 bie

149 1271 269 1334 vexatio
293 1271 444 1344 innuatur,
468 1267 635 1354 putendum
660 1280 705 1332 est
726 1267 853 1332 Paulum
876 1269 914 1334 ad
935 1269 1111 1335 traditiones
1132 1270 1271 1338 Judaicas

147 1397 329 1482 respexisse,
355 1415 429 1480 quas
451 1391 534 1456 haud
557 1385 618 1458 scio
635 1415 673 1457 an
688 1395 719 1457 in
735 1392 922 1458 celeberrima
937 1395 986 1459 illa
1004 1394 1154 1460 Gamalieli
1169 1396 1294 1474 schola„

149 1517 300 1597 didicerit3
329 1539 397 1582 nam
424 1520 456 1582 in
478 1516 620 1582 Breshith
640 1516 737 1582 Rabb.
760 1515 818 1595 53,
845 1516 884 1582 15
913 1519 1053 1607 legimus:
1084 1519 1140 1584 »lt
1163 1520 1271 1586 Asaria

149 1643 239 1710 dixit:
264 1643 342 1710 dixit
361 1643 465 1707 lsmael
484 1642 600 1707 lsaaeo:
624 1664 724 1708 eamus
741 1655 770 1706 et
785 1642 937 1709 videamus
953 1648 1122 1732 portionem
1137 1657 1269 1710 nostram

147 1774 177 1835 in
200 1791 290 1858 agr03
315 1780 345 1834 et
365 1768 435 1834 tulit
456 1767 560 1832 Ismael
583 1789 683 1832 arcum
707 1781 737 1832 et
759 1769 892 1856 sagittas,
918 1782 947 1834 et
964 1770 1114 1855 jaculatus
1133 1783 1178 1834 est
1190 1771 1270 1836 lsaa-

148 1917 230 1972 eum,
255 1907 286 1960 ct
306 1915 377 1981 prae
401 1916 432 1960 se
455 1893 539 1968 tulit,
564 1896 645 1956 acsi
669 1892 813 1958 luderet«
856 1894 942 1960 Patet
965 1895 1021 1960 hos
1044 1894 1174 1960 ludaeos
1198 1917 1269 1961 con·

146 2019 259 2084 fudisse
281 2019 394 2084 Ismaeli
422 2019 577 2082 historiam
607 2017 821 2106 quadamtenus
851 2039 918 2083 cum
942 2019 1028 2103 Qaini
1056 2020 1186 2086 facinore
1213 2016 1267 2104 (cl.

147 2143 220 2210 Gen.
242 2145 293 2221 IV,
316 2143 338 2210 8
364 2142 527 2210 secundum
554 2165 631 2208 vers.
651 2143 765 2209 Samar.
790 2158 819 2210 et
840 2140 954 2226 LXX).
1002 2142 1108 2212 Unum
1131 2145 1169 2210 ad
1191 2145 1268 2210 banc

128 2262 334 2336 memnonem
361 2269 473 2332 Paulus
502 2272 667 2355 respexerit
695 2291 810 2346 amon,
846 2269 927 2334 haud
957 2268 1093 2356 equidem
1124 2269 1266 2356 dijudico.

145 2395 242 2461 Video
272 2407 368 2462 autem
390 2392 572 2480 Apostolum
598 2397 629 2458 in
651 2395 710 2458 hoc
732 2394 798 2458 loco
823 2392 977 2458 tractando
1001 2392 1123 2458 liberius
1146 2398 1266 2482 ingenio

147 2543 201 2586 suo
224 2519 398 2595 indulsisse,
422 2530 452 2582 et
474 2519 600 2606 amplam
623 2517 769 2606 quidlibet
786 2516 914 2585 audendi
930 2518 1075 2582 licentiam
1091 2517 1264 2605 allegoricis,

146 2649 196 2734 qui
219 2658 326 2732 postea
346 2641 507 2720 florebant,
533 2641 640 2708 Sacrae
656 2641 828 2729 Scripturae
848 2639 1059 2728 interpretibus
1076 2647 1265 2708 concessisse.

144 2769 248 2858 Neque
276 2772 354 2835 enim
377 2768 540 2856 quidquam
564 2767 723 2834 demente
748 2765 831 2832 Sinai
854 2780 906 2832 aut
929 2767 964 2832 de
987 2768 1121 2834 Mosaica
1142 2768 1267 2834 admini-

146 2898 287 2962 stratione
313 2898 345 2960 in
366 2894 480 2960 lsmaeli
503 2893 629 2958 historia
651 2895 796 2981 reperias,
827 2895 851 2957 si
876 2896 983 2958 veteris
1007 2896 1161 2982 scriptoris
1184 2917 1266 2962 meu-

144 3034 203 3086 tem
230 3033 260 3086 et
288 3020 443 3085 eonsilium
473 3021 627 3084 scruteris:
657 3039 712 3083 nec
738 3017 806 3084 iude
830 3017 966 3083 concludi
988 3031 1090 3106 potest
1110 3019 1265 3086 lsmaelum

144 3145 227 3212 fratri
249 3167 306 3212 suo
322 3147 383 3212 vim
405 3143 587 3210 adhibuisse.
622 3141 740 3208 Nullam
763 3166 780 3209 a
802 3156 886 3230 patre
903 3142 1138 3210 maledictionem
1154 3149 1266 3234 accepit

143 3270 298 3348 ismaelus,
327 3270 438 3338 nullam
467 3269 569 3335 aDeo
598 3269 880 3336 condemnationem.
926 3269 1017 3333 Immo
1041 3273 1144 3356 potius
1167 3270 1265 3337 Abra-

144 3397 232 3462 bemo
261 3395 409 3483 displicet,
440 3394 522 3482 quod
548 3394 627 3460 filius
656 3395 703 3460 ille
726 3417 765 3460 ex
787 3393 938 3480 Aegyptia
960 3405 1049 3460 natus
1072 3397 1103 3458 in
1127 3395 1265 3460 exsilium

143 3522 307 3607 relegatum
341 3533 371 3585 et
396 3520 478 3588 Deus
507 3520 705 3608 patriarcham
735 3519 849 3584 solatur
879 3516 1080 3605 promittendo
1109 3517 1264 3585 lsmaelum

144 3667 265 3735 quoque
285 3648 431 3712 maximae
456 3648 552 3733 gentis
576 3658 726 3712 auctorem
749 3641 821 3708 fore.
868 3641 919 3709 Ad
940 3645 1108 3709 universam
1130 3644 1189 3710 loci
1211 3667 1264 3710 ex-

142 3773 342 3859 planationem
372 3773 443 3837 satis
467 3774 535 3848 erit,
566 3773 591 3836 si
614 3790 759 3857 ponemus
782 3768 936 3834 lsmaelum
957 3772 1106 3856 sprevisse
1130 3770 1264 3837 altiorem

141 3897 233 3968 isaaci
261 3918 358 3984 spem,
388 3895 520 3962 noluisse
547 3897 634 3962 etiam
657 3917 674 3960 a
696 3897 947 3982 primogeniturae
969 3895 1132 3982 privilegiis
1155 3918 1187 3960 se
1210 3894 1264 3960 ab·

144 4021 249 4086 dicare.
301 4019 402 4108 Atque
436 4023 491 4097 ita,
527 4022 621 4086 in'vito
651 4018 838 4097 Abrabamo,
875 4019 927 4084 sed
961 4018 1140 4108 efflagitante
1171 4019 1263 4084 lsaaci

143 4158 250 4223 matre,
282 4143 356 4212 duas
383 4142 508 4210 familiae
535 4157 634 4232 partes
661 4157 811 4232 separatas
835 4143 941 4222 fuisse3
971 4147 1102 4232 spuriam
1125 4157 1154 4210 et
1176 4148 1263 4210 semi-

144 4271 323 4360 Aegyptiam
351 4273 472 4358 stirpem
495 4273 526 4336 iu
549 4269 693 4339 desertam
717 4283 747 4337 et
768 4281 938 4336 montanam
960 4268 1088 4334 Arabiae
1111 4273 1262 4358 regionem

144 4395 266 4475 abiisse,
289 4397 421 4468 beccum
440 4409 542 4468 autem
564 4398 595 4463 iu
618 4394 752 4466 confiniis
769 4395 952 4468 Palaestinae
974 4395 1053 4466 illius
1075 4398 1260 4474 remansisse,
