3172 5186
826 331 903 408 aaa
941 445 943 447 Ι

309 544 387 630 Quin
410 558 439 611 et
461 555 626 610 scrutemur
645 541 676 608 id
699 564 777 609 nuuc
799 537 885 607 etiam
908 544 937 606 iu
960 539 1096 608 rationali
1118 541 1260 626 potentia,
1278 549 1307 604 et
1322 537 1423 625 eujus·

307 670 387 736 modi
411 666 598 738 sueritillius
622 668 723 755 lapsus
746 669 938 754 requiramus.
978 664 1141 752 Supremos
1165 677 1242 730 certe
1264 675 1295 728 et
1318 665 1423 728 unicus

307 797 430 860 rationis
454 807 536 860 actus
559 792 662 882 religio
686 804 739 868 est,
765 813 840 878 quae
863 789 998 857 videlicet
1020 789 1058 854 ab
1080 792 1165 854 initio
1189 800 1345 876 praecepta
1367 785 1424 854 luit

307 919 435 994 homini,
466 918 575 984 seilicet
604 921 692 983 unius
722 917 815 982 solius
842 938 875 980 ae
897 918 959 982 veri
982 915 1036 982 Dei
1059 917 1199 981 creatoris
1222 934 1310 978 verus
1334 924 1423 999 atque

307 1046 411 1108 unicus
436 1043 597 1129 spiritualis
621 1042 727 1108 cultus.
759 1041 927 1128 Deprarata
949 1053 1045 1106 autem
1067 1041 1192 1115 ratione,
1209 1049 1345 1125 serpente
1360 1059 1424 1102 rua·

306 1169 410 1254 gistro,
428 1189 499 1232 mox
514 1179 578 1232 tota
596 1167 776 1254 religionen
798 1167 855 1230 nisi
878 1165 915 1230 ad
937 1156 1033 1230 carnis
1058 1163 1205 1231 libidinem
1222 1163 1352 1251 collapsa
1367 1173 1423 1230 est.

306 1290 389 1358 Hane
411 1291 555 1367 homines,
576 1302 715 1378 tahquaru
739 1313 879 1356 summam
896 1271 1070 1366 felicitatem,
1092 1287 1287 1365 sectabantur,
1312 1300 1342 1353 et
1357 1309 1424 1353 sor-

307 1413 476 1480 didissimus
491 1415 628 1500 Priapus,
644 1415 842 1504 primordialis
858 1417 968 1501 pcccati
985 1435 1139 1502 organum,
1155 1436 1211 1501 pro
1223 1413 1286 1480 Deo
1302 1411 1422 1480 habitus

306 1553 360 1604 est.
389 1539 466 1604 Huic
489 1540 698 1618 sacrificarunt,
722 1541 792 1606 huic
814 1541 923 1628 templa
945 1542 1042 1604 omnia
1065 1541 1160 1626 prima
1178 1537 1320 1616 dedicata,
1343 1539 1423 1602 illius

301 1668 496 1751 spurcissima
518 1665 671 1730 simulacra
692 1667 817 1753 primum
834 1668 964 1729 omniurn
985 1657 1149 1728 exstructa:
1172 1663 1252 1728 huno
1268 1663 1424 1728 coluerunt

305 1792 392 1876 primi
416 1789 456 1854 illi
479 1790 654 1876 religionum
678 1789 817 1867 artifices,
849 1787 1002 1863 Chaldaei,
1027 1789 1184 1876 Aegyptii,
1209 1788 1341 1874 Assyrii,
1364 1787 1424 1852 Ba·

305 1913 429 2001 bylonii,
453 1913 577 1990 Arabes,
602 1913 741 2000 Scythae,
765 1913 938 1990 Phoenices,
961 1913 1141 2002 Aethiopes3
1166 1927 1195 1979 et
1214 1911 1336 2000 perinde
1359 1924 1422 1977 tota

306 2037 395 2114 Asia,
418 2037 534 2111 Alriea,
558 2037 695 2125 Europa:
718 2060 770 2104 nec
793 2037 835 2104 ias
859 2051 920 2103 erat
943 2039 1034 2104 ullum
1067 2038 1246 2106 sacerdotem
1269 2038 1347 2114 lieri,
1371 2041 1423 2126 qui

306 2163 407 2248 Priapi
431 2165 522 2227 saeris
541 2165 625 2250 prius
649 2185 708 2228 non
733 2162 836 2228 luisset
859 2165 1002 2235 initiatus.
1030 2163 1086 2228 Hic
1107 2176 1152 2228 est
1174 2163 1220 2230 ille
1235 2162 1421 2250 Behrhepor,

306 2285 418 2354 idolum
443 2290 573 2352 omnium
601 2290 852 2374 antiquissimum,
877 2288 958 2376 quod
981 2300 1011 2352 et
1035 2287 1167 2352 Chaones
1189 2287 1298 2354 dictum
1322 2301 1381 2364 cst,
1405 2310 1422 2354 a

308 2408 421 2478 Chemo
445 2411 506 2476 filio
529 2409 608 2476 Noe:
638 2415 704 2499 qui,
733 2425 807 2477 teste
830 2411 958 2489 beroso,
986 2412 1094 2478 idcirco
1118 2411 1246 2478 Escaeua
1272 2415 1424 2501 cognomi·
1505 2473 1508 2480 ,

306 2548 476 2612 natusest,
501 2536 559 2600 hoc
587 2549 645 2612 est,
669 2537 858 2622 inpudicam,
883 2542 944 2602 sive
965 2537 1186 2623 ignominiosus
1207 2547 1423 2624 propagatory

307 2664 332 2727 is
361 2664 436 2726 enim
465 2664 578 2747 primus
606 2660 721 2726 foedam
753 2661 829 2726 hauc
852 2662 1027 2749 depravatae
1055 2665 1178 2727 rahonis
1206 2662 1376 2748 religionem
1406 2684 1425 2726 a

306 2787 410 2870 priscis
440 2785 497 2848 illis
529 2798 558 2850 et
585 2797 651 2850 ante
667 2784 818 2862 ,diluvium
846 2785 1017 2874 gigantibus
1047 2799 1194 2873 acceptam
1222 2808 1326 2852 rursus
1355 2799 1425 2872 post

307 2909 450 2974 diluvium
473 2913 658 2974 instauravit.
695 2909 771 2974 Hinc
792 2910 840 2974 illa
863 2913 955 2998 orgia,
980 2911 1177 2990 bacchanalia,
1201 2911 1353 2999 priapalia,
1378 2931 1424 2976 ce·

307 3047 427 3121 teraque
450 3037 620 3121 turpissima
642 3055 724 3099 sacra
752 3034 944 3121 prodierunt:
972 3037 1041 3100 hinc
1063 3036 1182 3113 Venus,
1206 3034 1342 3123 Cupido,
1365 3057 1423 3122 pu·

307 3157 402 3222 denda
426 3155 567 3234 Osiridis,
590 3159 701 3236 Penes,
732 3171 761 3223 et
784 3157 899 3244 Satyri,
931 3163 994 3248 ipse
1018 3159 1143 3248 denique
1171 3159 1283 3226 foetens
1312 3161 1422 3238 hircus,

306 3282 388 3370 quod
411 3283 530 3348 luxuria
553 3283 636 3348 salax
659 3296 744 3360 esset,
769 3305 824 3370 pro
848 3283 905 3349 diis
928 3289 1037 3372 recepti
1061 3298 1140 3353 sunt.
1173 3284 1219 3351 En
1243 3285 1324 3351 vides
1345 3307 1424 3352 nuuc

306 3431 344 3472 ex
358 3408 510 3473 rationalis
533 3413 683 3496 potentiae
705 3410 790 3497 lapsu
808 3409 869 3494 jam
890 3410 1003 3474 nullum
1022 3412 1171 3498 antiquius
1193 3422 1344 3497 peccaturo
1360 3410 1423 3476 elici

306 3556 411 3621 posse,
440 3554 527 3620 quam
556 3533 686 3599 libidinis
714 3547 743 3599 et
772 3532 989 3611 fornicationis,
1019 3535 1159 3622 quodque
1188 3535 1316 3600 humana
1345 3538 1420 3601 ratio

306 3657 435 3723 libidinis
464 3659 574 3723 cultum
602 3658 774 3744 praetulerit
803 3660 1042 3746 contemplationi
1072 3658 1197 3725 divinae.
1247 3660 1324 3725 Hinc
1355 3681 1420 3724 eum

307 3785 404 3848 omnia
430 3795 460 3847 et
487 3783 601 3870 singula
632 3782 759 3846 hominis
787 3783 916 3849 membra
944 3807 1021 3862 non,
1049 3786 1105 3848 nisi
1123 3783 1246 3870 jubente
1268 3785 1422 3851 rationalis

306 3911 417 3974 animae
441 3907 608 3984 voluntate,
633 3919 789 3972 morentur
812 3909 849 3973 ad
873 3932 965 3996 opus,
989 3909 1085 3974 solum
1107 3909 1231 3996 genitale
1259 3909 1421 3976 membrum

306 4035 348 4098 sic
370 4031 462 4096 libido
487 4030 662 4106 obstrinxit,
693 4035 734 4096 sic
762 4046 911 4120 peccatum
939 4037 1062 4122 imperio
1087 4057 1143 4098 suo
1165 4036 1358 4122 mancipavit,
1387 4045 1422 4100 ut

307 4161 332 4222 si
353 4157 425 4223 haec
448 4155 581 4235 deluerit,
605 4169 658 4220 aut
672 4179 731 4220 uon
749 4157 827 4222 ultro
844 4159 889 4223 vel
906 4163 1031 4226 excitata
1054 4162 1224 4236 surrexerit,
1249 4162 1361 4225 moveri
1382 4157 1422 4223 ad

308 4303 384 4368 opus
400 4285 519 4348 omuino
535 4305 597 4346 uon
617 4285 724 4370 possit.
754 4283 852 4369 lpsuur
877 4285 967 4372 igitur
983 4306 1059 4372 opus
1084 4283 1212 4350 libidinis
1237 4283 1308 4350 mihi
1330 4282 1422 4350 luisse

306 4404 424 4473 videtur
450 4408 509 4472 hoc
535 4407 723 4494 primordiale
751 4408 896 4474 humanae
924 4421 1046 4476 naturae
1074 4422 1239 4498 peccatum,
1269 4412 1423 4498 totiusque
