3160 5170
621 278 834 392 Α
857 283 869 308 .

169 488 286 575 lateque
315 491 444 574 conspici
473 501 588 576 potest,
618 511 636 552 a
662 489 859 576 splendendo,
889 490 968 554 unde
991 504 1145 578 argentum
1168 513 1206 557 ex
1227 515 1289 556 me-

167 613 245 676 tallis
275 615 420 676 montium
449 626 595 690 erutum«,
626 625 669 690 et,
702 617 823 700 opinor,
856 613 980 678 altitudo
1010 617 1169 680 cornuum!
1206 616 1288 700 Quae

170 741 268 802 omnia
303 737 480 801 refutatione
507 760 569 802 non
598 751 693 825 egent.
739 736 885 824 Equidem
913 738 1042 804 arbitror
1069 739 1195 805 radicem
1224 748 1288 846 ἢν]

169 862 268 948 aliqua
297 861 437 926 affinitate
466 863 653 947 conjunctam
682 883 745 925 esse
773 883 839 926 cum
861 863 957 928 radice
980 870 1056 968 alti,
1087 886 1162 952 quae
1183 866 1289 932 volare

169 990 188 1049 i.
211 1010 236 1050 e.
261 1009 382 1050 sursum
403 988 449 1050 ire
478 985 613 1064 denotat,
644 999 672 1050 et
701 989 731 1050 in
759 987 908 1073 producta
934 987 1028 1052 forma
1051 996 1118 1094 W,
1137 993 1287 1054 notionem

168 1134 290 1176 susum
313 1111 515 1176 contendendi
537 1133 677 1198 agnosco.
721 1109 769 1174 Ex
791 1112 847 1174 hao
869 1115 991 1175 notione
1014 1103 1161 1198 profluait
1183 1136 1287 1178 sensus

169 1237 369 1301 oouteutiouis
390 1237 502 1300 uirium
526 1246 555 1299 et
576 1235 816 1322 defuiqau'ouis.
853 1232 937 1300 Unde
958 1239 1055 1322 quivis
1071 1237 1187 1314 viderit,
1212 1260 1288 1324 quo-

166 1361 258 1426 rnodo
288 1361 462 1447 significatio
492 1359 653 1440 moliendi,
682 1356 877 1447 fluctuandi,
912 1373 941 1423 et
967 1362 1187 1426 intumescendi
1217 1365 1287 1426 oriri

166 1499 280 1574 posset.
322 1485 416 1571 Atqui
444 1485 494 1548 illa
522 1496 567 1548 est
597 1487 681 1571 quasi
709 1487 818 1548 montis
842 1488 993 1571 aptissima
1017 1485 1191 1572 descripti03
1219 1509 1287 1550 narn

167 1623 283 1675 montes
307 1612 422 1673 sesain
442 1609 517 1694 juga
540 1608 695 1685 attollunt,
720 1622 749 1672 et
771 1631 918 1672 summum
942 1632 1008 1674 aera
1031 1623 1146 1697 petunt.
1181 1610 1287 1676 Utrum

169 1736 222 1800 ata
252 1747 282 1798 et
309 1735 372 1798 ales
401 1755 466 1796 oum
490 1734 539 1797 alo
569 1746 598 1796 et
621 1735 701 1798 ultus
724 1736 881 1820 conjuncta
905 1738 964 1799 sint
985 1758 1090 1812 neone,
1122 1736 1289 1823 discrepant

168 1860 340 1947 etymologi.
376 1857 436 1922 Sed
458 1881 543 1922 nemo
567 1862 720 1946 negaverit
743 1859 936 1923 altitudinem
957 1864 1101 1924 montium
1126 1860 1164 1923 ad
1185 1861 1289 1924 alendi

168 1987 187 2048 i.
205 2007 230 2048 e.
254 1987 355 2068 majus
370 1981 516 2068 soeieude'
542 1986 693 2047 notionem
722 1983 833 2059 redire,
862 1985 941 2049 unde
972 1986 1051 2048 ultus
1065 1983 1183 2073 fluetus
1211 1989 1288 2049 inter

169 2108 298 2174 Graecos
317 2107 412 2192 τρόφι
428 2108 512 2191 κόμα
535 2109 700 2196 appellatur
715 2131 732 2172 a
747 2111 885 2193 τρέφειν,
910 2111 1000 2174 olere.
1035 2109 1075 2174 Et
1089 2114 1152 2174 avis
1169 2109 1288 2174 sublimi

167 2234 272 2298 volatu
294 2237 349 2298 iter
371 2232 480 2296 iaciens
505 2234 585 2296 ultus
607 2234 747 2320 appellari
770 2247 879 2320 potest.
912 2236 957 2297 Ita
978 2257 1095 2310 corrue,
1120 2233 1200 2320 apud
1217 2232 1288 2298 Ovi·

168 2359 249 2424 dium
280 2355 380 2436 (Fasti
400 2358 438 2434 11,
465 2354 563 2439 252),
595 2361 726 2421 »aerium
750 2358 886 2443 pervolat
909 2359 988 2421 ultus
1010 2362 1096 2421 iter«
1140 2358 1287 2422 Notiones

167 2482 378 2572 magnitudinis
403 2495 431 2546 et
453 2481 563 2547 laboris
587 2485 648 2544 sive
671 2482 822 2546 molestiae
849 2487 925 2546 inter
948 2505 979 2546 se
1003 2485 1175 2546 commutari
1197 2505 1287 2569 posse

168 2609 255 2674 docet
277 2607 403 2671 affinitas
425 2607 475 2670 illa
498 2610 653 2672 notissima
674 2610 750 2671 inter
766 2609 866 2671 mulus
882 2620 911 2670 et
931 2605 1037 2690 μόλις,
1061 2609 1173 2690 μέγας,
1196 2604 1287 2689 μόγις

167 2748 197 2798 et
213 2733 341 2816 μόχθος
357 2728 445 2814 (New
462 2731 601 2817 Cratylus
620 2727 742 2814 5185).
780 2730 859 2815 Quid
883 2732 966 2819 quod
988 2732 1061 2795 illud
1084 2736 1182 2818 ipsum
1204 2737 1287 2803 DN}

167 2864 197 2924 vi
220 2861 336 2922 termini
360 2857 482 2921 denotat
503 2857 534 2920 id
558 2857 641 2943 quod
664 2857 755 2920 altum
779 2870 824 2922 est
846 2861 939 2921 instar
955 2857 1085 2920 montis?
1106 2854 1181 2920 Nam
1204 2827 1287 2960 08ss

167 2985 215 3049 vel
237 2990 305 3055 Dii
334 2982 516 3046 altitudinem
540 2985 685 3046 montium
708 2986 856 3069 exprimit.
902 2981 1005 3069 Neque
1028 2981 1108 3045 aliud
1131 2995 1176 3045 est
1198 3005 1288 3046 voca-

165 3109 307 3174 bulorum
335 3110 413 3190 βοῦς
442 3120 471 3172 et
499 3105 616 3192 ταῦρος
644 3120 774 3194 etymon.
821 3105 895 3170 Nam
925 3110 1003 3190 βοός
1027 3108 1145 3194 quidem
1170 3107 1208 3171 ad
1231 3109 1289 3171 ele·

167 3237 316 3300 rationem
339 3235 422 3298 humi
446 3245 573 3319 spectat,
600 3232 676 3296 unde
700 3231 816 3314 βοῦνος
831 3246 885 3296 eto.
906 3227 993 3312 (Neu
1011 3230 1150 3318 Cratylus
1167 3227 1286 3315 §dd9),

167 3372 198 3423 et
220 3362 251 3422 in
273 3359 382 3446 linguis
404 3355 696 3432 Indo-Germanicis,
721 3367 755 3420 ut
777 3365 886 3438 χοῖρος
908 3368 938 3418 et
960 3355 1072 3439 χοιράς
1091 3355 1129 3418 ad
1144 3360 1288 3421 minorem

168 3483 287 3548 collium
317 3481 499 3546 altitudinem
529 3494 662 3568 spectant
690 3476 777 3561 (Now
800 3478 940 3566 Cratylus
968 3474 1101 3560 §281),
1131 3482 1173 3542 ita
1201 3481 1288 3544 radix

169 3619 232 3672 tor·
249 3608 295 3672 vel
315 3609 387 3672 dor·
410 3619 580 3672 montanam
601 3609 750 3693 regionem
773 3605 908 3692 designat
928 3598 1016 3683 (Now
1033 3601 1172 3689 Cratylus
1189 3600 1285 3687 592).

169 3733 264 3817 Quam
295 3745 362 3819 apte
390 3735 534 3796 montium
565 3731 690 3795 altitudo
715 3731 947 3817 qualemcunque
970 3732 1117 3816 ingentem
1140 3733 1287 3817 magnitu-

170 3859 267 3925 dinem
290 3857 443 3944 signifieet,
468 3869 571 3920 auctor
595 3869 639 3921 est
657 3859 701 3920 vir
724 3855 928 3920 celeberrimus
945 3855 1096 3919 Jonathan
1112 3853 1210 3929 Suist,
1236 3857 1287 3940 qui

168 3988 200 4048 in
222 3983 335 4048 ludicra
357 3982 407 4046 illa
429 3981 534 4046 labella
553 3981 588 4046 de
605 3980 746 4046 Gulliveri
761 3980 1057 4068 peregrinationibus,
1083 4001 1175 4066 quum
1191 3981 1288 4042 viator
1387 4019 1392 4032 ι
1459 3971 1470 3980 ”

167 4109 216 4174 ille
240 4099 315 4174 inter
337 4129 499 4195 pygmaeos
517 4107 724 4193 Lilliputianos
748 4118 988 4182 commoraretur,
1013 4127 1074 4169 non
1098 4104 1182 4167 aliam
1200 4105 1287 4166 mira·

168 4234 281 4298 bundis
304 4236 388 4298 nanis
411 4232 591 4320 prodigiosi,
616 4244 651 4294 ut
672 4233 745 4317 ipsis
766 4230 931 4307 videbatur,
956 4232 1083 4317 gigantis
1107 4228 1288 4315 designatio·

168 4382 235 4426 nem
266 4357 386 4437 tribuit,
417 4379 505 4447 quam
534 4357 664 4446 quiribus
685 4353 810 4447 flestriu
838 4359 857 4422 i.
880 4378 904 4419 e.
933 4353 1023 4420 bomo
1052 4354 1164 4420 montis
1190 4355 1288 4419 instar
1363 4435 1366 4439 ρ
