3172 5186
622 351 948 472 AL..

163 559 307 638 continet,
332 580 460 648 querum
483 571 642 649 utrumque
665 559 788 626 Doridis
812 559 922 649 stylum
946 571 1034 649 atque
1051 559 1180 628 indolem
1197 583 1286 652 qnam

165 688 292 750 maxime
316 689 418 773 spirat,
443 709 460 750 a
482 686 607 750 Psalmis
629 685 696 763 illis,
721 688 772 772 qni
789 685 912 751 Davidis
935 690 1054 751 nomine
1077 685 1286 753 circumierun-

164 822 246 912 ων,ί
261 809 299 874 ab
327 813 412 876 initio
443 811 620 876 exsularent.
674 809 765 893 Quod
791 810 829 875 ad
857 813 1020 876 novissima
1042 811 1165 876 Davidis
1194 812 1286 877 verba

164 937 280 1011 attinet,
306 934 524 1001 observandum
542 948 596 1014 est,
619 939 774 1024 pristinam
789 937 869 1000 illam
883 936 1071 1001 Psalmorum
1086 937 1285 1002 collectionem

164 1061 196 1124 in
219 1058 369 1124 Psalmum
391 1059 501 1126 LXXII
524 1061 670 1138 desinere,
695 1062 747 1148 qui
769 1081 861 1148 quum
885 1060 1016 1147 ejusdem
1039 1059 1097 1125 fere
1119 1064 1285 1148 argumenti

166 1186 214 1260 sit,
239 1183 353 1249 facilius
375 1197 494 1272 poterat
516 1189 571 1250 iste
594 1184 691 1250 editor
712 1185 848 1252 breviore
872 1187 1016 1252 cantilena
1039 1207 1145 1251 carere.
1183 1185 1284 1273 Atque

165 1311 207 1372 ita
236 1312 334 1372 omnia
362 1331 393 1374 se
420 1313 544 1375 invicem
573 1310 762 1388 confirmant,
793 1325 823 1376 et
851 1312 1066 1398 simplicissima
1092 1311 1147 1374 hae
1169 1313 1283 1374 ratione

163 1445 229 1497 tum
251 1436 405 1520 pristinam
427 1434 583 1499 Jasharani
605 1433 673 1499 libri
693 1433 826 1513 formam,
851 1435 888 1500 ad
904 1439 1057 1523 septimam
1071 1447 1184 1522 partem
1200 1432 1284 1522 quod

164 1559 284 1634 attinet,
314 1570 378 1622 tum
404 1561 648 1645 compositionem
670 1559 856 1625 Psalmorum
879 1583 934 1625 sua
956 1560 1020 1625 luce
1043 1560 1189 1625 illustrare
1211 1581 1283 1647 pos·

164 1703 279 1747 sumus.

253 1807 287 1872 ln
309 1808 368 1873 boe
391 1811 514 1875 carmine
537 1821 649 1896 septem
672 1822 743 1874 sunt
764 1812 956 1897 partitiones,
983 1810 1031 1875 vel
1053 1809 1203 1897 strophae.
1248 1809 1282 1874 ln

163 1935 260 2020 prima
282 1927 343 2016 (rv-
360 1929 473 2017 2-4)
497 1933 641 1999 dehoram
671 1935 878 2022 opitulatorem
908 1935 1036 2000 celebrat
1064 1934 1202 2000 Derides.
1248 1934 1281 1998 ln

164 2058 295 2123 secunda
316 2052 379 2141 (vr.
397 2054 508 2141 5-7)
533 2058 687 2137 describit,
715 2063 834 2148 quantis
856 2063 888 2125 in
911 2062 1055 2148 angustiis
1077 2061 1173 2125 Deum
1195 2063 1283 2124 invo-

164 2186 283 2248 caverit.
328 2181 360 2246 ln
382 2186 468 2248 tertia
491 2177 552 2266 (vr.
569 2181 692 2265 8-16)
716 2185 834 2249 sublimi
858 2188 991 2249 oratione
1015 2185 1148 2272 depingit
1171 2197 1281 2271 quanta

159 2308 373 2372 'elementorum
406 2306 486 2373 rabie
513 2307 629 2372 Jehova
656 2308 834 2372 Philistaeos
868 2309 949 2396 apud
976 2309 1161 2397 Baalprazim
1195 2308 1282 2373 dissi-

162 2443 272 2521 passet.
317 2431 351 2496 In
373 2445 478 2520 quarta
501 2426 562 2515 (rr.
583 2427 736 2514 17-30)
759 2430 961 2498 liberationem
982 2433 1061 2496 illam
1083 2434 1187 2520 pietati
1209 2455 1280 2497 suae

148 2555 308 2621 attribuit.
353 2554 386 2620 ln
409 2559 512 2644 quinta
536 2551 598 2637 (rr.
616 2552 766 2639 31-37)
793 2555 831 2620 ad
852 2557 908 2622 Dei
931 2557 1032 2622 laudes
1056 2569 1085 2622 et
1106 2556 1200 2621 robur
1223 2555 1279 2620 sihi

163 2703 336 2745 eoncessum
357 2680 444 2745 redit.
482 2681 515 2745 ln
538 2693 622 2746 sexta
646 2677 707 2758 (vv.
725 2677 870 2764 38-46)
893 2685 1028 2746 miseram
1055 2681 1187 2746 hostium
1209 2703 1281 2745 suo-

162 2825 228 2870 rum
252 2817 361 2870 sortem
384 2805 556 2891 proclamat.
590 2806 623 2870 ln
646 2808 771 2894 septima
795 2802 857 2888 (vr.
873 2801 1030 2888 47-51)
1050 2805 1193 2870 Jehovam
1214 2817 1280 2868 tan-

163 2950 251 3016 quam
274 2952 395 2994 suarum
417 2951 515 2995 rerum
539 2928 673 2995 columen
696 2930 849 3020 magnifica
871 2931 1088 3019 praedicatione
1112 2930 1238 2995 extollit.

163 3081 167 3088 ·
250 3053 320 3119 Non
343 3076 420 3141 opus
447 3067 507 3132 est,
536 3067 571 3120 ut
597 3068 650 3120 tua
678 3067 813 3144 tempora
840 3057 930 3145 longa
958 3055 1143 3144 siuprlorum
1171 3053 1280 3120 verbo·

162 3201 228 3244 rum
255 3182 495 3266 interpretatione
524 3202 630 3245 morer.
678 3179 736 3263 Qui
764 3182 837 3245 tales
867 3180 1093 3268 disceptationes
1124 3179 1278 3257 desideret,

162 3305 188 3368 is
210 3303 468 3369 Rosenmiillerum
482 3305 528 3368 vel
550 3304 722 3370 Maurorum
745 3303 839 3369 adeat.
873 3305 981 3369 Versio
1005 3305 1110 3370 Latina
1133 3305 1277 3381 ostendet,

162 3447 239 3515 quos
262 3431 436 3516 interpretes
460 3443 579 3495 secutus
602 3433 673 3506 sirn,
702 3442 841 3516 atquem
865 3451 984 3493 sensum
1008 3431 1113 3515 cuique
1135 3429 1202 3492 loco
1225 3431 1279 3492 tri-

160 3550 260 3616 buam.
308 3550 368 3617 Scd
389 3555 501 3620 locutio
525 3555 575 3618 illa
598 3553 755 3642 singularis
779 3549 821 3635 (v.
839 3548 872 3635 5)
895 3527 1016 3624 bllll'l]
1040 3530 1128 3622 *bnt
1151 3552 1279 3638 aliquam

161 3678 387 3743 illustrationem
411 3679 569 3744 etiamdum
592 3678 742 3766 efflagitat,
767 3680 937 3766 praesertim
962 3647 1053 3765 quum
1070 3647 1161 3741 verba
1175 3676 1280 3740 ultima

160 3801 284 3867 Davidis
308 3803 430 3868 similem
458 3802 658 3868 difficultatem
683 3807 802 3890 pariant
824 3798 858 3884 (2
874 3801 953 3868 Sam.
969 3802 1075 3879 XXlll,
1094 3798 1137 3884 6).
1185 3799 1280 3883 Quid-

162 3925 234 4013 quid
258 3925 293 3990 de
318 3928 461 3993 vocabulo
485 3901 607 4022 ἦνῆ-ΗΞ
630 3932 784 4005 statueris,
815 3951 906 4016 quum
929 3928 961 3992 id
983 3949 1098 3994 summa
1120 3947 1186 3992 cum
1209 3929 1280 3990 via

160 4049 274 4118 Davide
298 4052 481 4130 adhibeatur,
505 4066 616 4118 certum
640 4068 685 4119 est
706 4054 827 4119 eandem
851 4075 914 4118 esse
935 4056 1018 4117 vocis
1040 4052 1171 4139 ejusdem
1193 4063 1279 4115 utro-

160 4175 250 4263 bique
274 4178 525 4266 significationem,
549 4190 585 4242 ut
605 4176 697 4243 salsus
721 4181 761 4243 sit
783 4177 935 4256 Gesenius‚
958 4181 1009 4267 qui
1032 4180 1080 4243 hic
1096 4177 1277 4265 perniciora,

161 4301 214 4366 sed
236 4303 267 4366 in
289 4302 359 4367 Job.
379 4302 520 4381 XXXIV,
540 4299 591 4368 18.
614 4301 691 4366 Nah.
706 4302 745 4380 Il,
765 4300 793 4367 l.
817 4316 848 4367 et
867 4304 934 4368 loco
959 4302 1103 4368 Samuelis
1126 4302 1278 4367 bominem

162 4427 289 4492 emititur
305 4437 483 4514 parentela,
507 4426 660 4516 intelligat.
700 4427 876 4514 Interpretes
899 4440 929 4493 et
950 4427 1152 4514 lexicographi
1177 4447 1279 4492 omnes
