3160 5170
626 355 839 468 Q

171 553 299 653 magnus
323 564 357 628 ἐκ
377 562 432 650 ’τῆς
455 565 511 650 γῆς
525 569 674 649 Xerseeip
692 569 807 629 venisse
825 565 940 642 dicitur,
965 580 995 630 et
1015 565 1029 632 1
1044 566 1255 645 MaccabVlll,
1270 567 1289 632 5

171 690 299 754 Perseus
315 693 466 757 Κιπιέων
487 685 638 773 βασιλεῦς
661 691 834 776 appellatur.
865 691 930 754 Jam
946 713 1016 755 vero
1033 692 1114 756 nulla
1129 691 1186 756 fuit
1201 691 1291 756 Grac-

172 837 275 880 corum
305 838 371 880 cum
399 815 525 879 navibus
549 818 579 878 in
601 815 797 880 Palaestinam
820 819 934 880 invasio
958 827 1074 901 practer
1095 817 1174 880 illam
1195 820 1290 903 ipsam

171 940 335 1005 Alexandri
359 944 472 1028 magni,
497 962 590 1026 quum
606 940 722 1025 Tyrum
741 939 919 1016 debellabat,
944 939 1181 1026 Hierosolymam
1196 942 1291 1007 bosti-

171 1065 237 1130 liter
261 1087 418 1153 aggressus
442 1078 501 1141 est,
532 1078 561 1130 et
584 1065 688 1130 deinde
713 1064 750 1129 ad
772 1064 955 1152 Babylonem
979 1077 1009 1128 et
1030 1064 1173 1150 Assyrios
1195 1089 1290 1153 usque

171 1193 313 1278 perrexit.
361 1189 461 1274 Quum
489 1203 601 1266 autem,
631 1203 667 1253 ut
697 1212 788 1276 supra
810 1189 953 1266 vidimus,
984 1188 1145 1278 Synagogc
1174 1213 1288 1278 magna,

172 1338 247 1403 quae
270 1315 362 1380 libros
386 1337 486 1379 sacres
511 1315 641 1381 edendos
665 1313 803 1391 curabat,
828 1337 922 1401 usque
946 1315 984 1378 ad
1006 1315 1064 1378 hoc
1086 1328 1213 1402 tempus,
1237 1339 1291 1380 nce
1383 1305 1386 1316 ’

171 1442 298 1518 diutius,
327 1452 525 1526 permaneret,
556 1439 639 1504 lacile
668 1438 839 1504 crediderim
868 1440 948 1504 hune
977 1443 1062 1526 quasi
1090 1445 1230 1528 gemitum
1253 1441 1290 1505 ad

169 1567 258 1630 finem
292 1569 396 1630 cantici
425 1587 442 1628 a
473 1568 580 1651 quovis
609 1565 723 1630 Judaeo
756 1565 902 1652 adjectum
931 1586 1009 1640 csse,
1045 1577 1080 1628 ut
1107 1579 1288 1651 praesentem

169 1695 266 1779 gentis
288 1691 395 1755 infidae
419 1689 649 1754 dominationem
673 1690 841 1775 deploraret
863 1703 892 1753 ct
914 1688 1092 1777 significaret
1113 1693 1290 1770 diversoum

170 1812 311 1898 ἀβίωτον
339 1838 401 1879 csse
430 1814 555 1892 laetum,
586 1814 645 1879 lere
668 1813 770 1878 iisdem
794 1813 891 1879 verbis
915 1813 1023 1901 quibus
1046 1815 1219 1879 Mattathias
1243 1815 1290 1878 illc

170 1963 244 2005 usus
269 1952 314 2005 cst
336 1936 367 2021 (1
382 1939 513 2004 Maccab.
529 1940 568 2017 ll,
586 1934 654 2021 l3):
679 1946 732 2004 ἵνα
749 1943 779 2002 ei
793 1917 869 2024 ᾖμῖν
884 1938 929 2002 ἔτι
948 1938 1016 2025 {dtu
1041 1940 1165 2006 cundem
1181 1954 1288 2017 autem,

170 2087 264 2153 quum
294 2065 329 2128 de
352 2065 478 2151 Assyria
506 2066 694 2151 loqueretur,
724 2069 875 2130 materiam
903 2070 1073 2153 punctatori
1097 2066 1212 2131 cuidam
1236 2065 1290 2130 ob·

169 2191 289 2265 tulisse,
313 2190 392 2254 unde
409 2187 531 2254 verbum
548 2187 664 2293 ἾἈΨΨ,
690 2190 773 2276 quod
796 2203 878 2254 tanta
894 2195 924 2256 vi
946 2195 976 2254 in
999 2193 1057 2257 hoc
1073 2196 1185 2256 cantico
1202 2192 1290 2256 semel

170 2328 259 2402 atque
275 2318 381 2380 iterum
398 2327 565 2379 occurrerat
581 2310 698 2396 (XXIII,
717 2313 746 2379 9.
764 2315 875 2391 XXIV,
892 2310 955 2396 17),
972 2319 1002 2378 in
1018 2339 1126 2397 nomen
1141 2317 1289 2380 ethnicum

170 2433 275 2529 'livit
299 2453 508 2527 corrumperet.
544 2437 587 2504 Nc
607 2440 711 2503 multa:
734 2439 856 2503 Bileami
870 2461 1014 2525 personae
1030 2444 1168 2504 convenit
1184 2440 1288 2516 dicere,

169 2565 244 2653 quid
266 2569 330 2652 ipse
353 2568 459 2629 mentis
483 2568 543 2628 acie
559 2564 685 2642 videret,
710 2587 772 2628 non
796 2563 868 2650 quid
883 2563 1002 2648 Assyrii
1026 2565 1071 2627 vel
1094 2565 1142 2627 alii
1165 2567 1289 2651 quicun-

170 2674 238 2778 quc‘
252 2691 386 2754 homines
410 2703 513 2753 contra
531 2689 732 2776 Amalcquitas
755 2689 937 2776 Kenitasque
961 2689 1029 2752 olim
1053 2702 1151 2753 essent
1173 2689 1288 2753 facturi.

168 2815 267 2901 Ergo,
299 2808 402 2918 ἾἾΨΨ
426 2828 485 2890 est,
517 2814 600 2900 quod
622 2827 723 2900 potest
746 2835 823 2890 esse,
853 2817 965 2901 primae
988 2835 1132 2901 personae
1155 2813 1288 2878 verbum.

168 2939 312 3004 Alternus
329 2939 525 3003 clausularum
540 2939 752 3025 parallelismus
768 2939 911 3027 efflagitat
926 2952 960 3003 ut
974 2951 1033 3003 tam
1057 2935 1178 3046 :lgm
1201 2961 1288 3027 quam

169 3069 241 3169 app
265 3067 304 3127 sit
325 3087 433 3128 nemen
457 3087 542 3128 casus
566 3068 725 3128 accusativi
748 3087 814 3129 cum
837 3065 985 3151 personali
1008 3065 1110 3129 affixo.
1152 3066 1241 3148 Quod
1265 3070 1289 3130 si

167 3211 260 3276 negas
283 3189 345 3254 fieri
367 3212 472 3275 posse,
497 3203 531 3253 ut
553 3187 675 3295 ἦΞΨΠ
699 3194 738 3254 sit
760 3211 868 3254 nomen
884 3191 1001 3256 verbale
1026 3195 1146 3254 atcrtia
1161 3214 1289 3278 persona

168 3314 328 3378 foeminina
350 3313 509 3378 lormatum
533 3310 612 3394 (vide
635 3315 727 3380 Fiirst
750 3313 897 3379 Concord.
918 3310 1078 3401 p.13to)‚
1103 3315 1184 3378 haud
1207 3319 1311 3402 equi·

169 3440 237 3504 dem
260 3438 390 3504 dubitem
413 3439 571 3505 rescribere
594 3436 780 3546 ηξΞΨΠΨ.
815 3439 916 3525 Atque
939 3443 981 3502 ita
994 3438 1116 3502 Bileami
1132 3443 1286 3518 canueum,

168 3578 312 3653 quattuor
334 3566 487 3652 particulis
511 3566 671 3643 inclusum,
697 3564 734 3628 ad
757 3563 928 3628 umbilicum
951 3563 1117 3628 adducitur.

623 3751 832 3760 *nun-...-

509 3923 550 3988 IN
577 3921 699 3989 MOSlS
732 3920 951 3988 CANTICUM.

676 4074 782 4082 ——o

258 4191 364 4256 Nobile
388 4193 446 4257 hoe
469 4213 584 4256 carmen
598 4191 679 4256 Mosi
696 4190 923 4277 abJudieandum
939 4212 1002 4255 csse
1016 4190 1192 4276 jampridem
1210 4191 1289 4256 vide·

167 4331 240 4384 runt
262 4317 425 4382 doctissimi
447 4321 630 4405 interpretes,
655 4319 823 4404 intorques
839 4315 1005 4381 Dcwettius
1020 4315 1156 4402 perhibet
1172 4320 1288 4382 criticos

171 4464 271 4508 omncs
295 4446 452 4532 agnovisse
475 4445 605 4508 auctoris
628 4464 736 4508 nomen
758 4441 833 4508 falso
857 4439 1056 4529 praedicatum
1080 4463 1153 4506 esse.
1188 4443 1289 4508 lllaum
