3152 5160
625 289 830 402 Q

165 515 196 564 et
219 521 388 588 quanquam
413 514 458 566 cst
483 501 536 565 ubi
558 523 615 588 pro
639 505 714 588 sing.
740 479 781 573 ill
803 516 967 590 usurpatur
991 499 1109 586 (Evvald
1132 502 1231 587 §247
1244 501 1286 587 d),

163 640 265 690 tamen
287 626 346 689 hoc
368 626 434 689 loco
458 625 496 688 ad
512 624 655 689 Shemum
678 627 775 690 solum
798 624 899 690 referri
921 631 1024 715 nequit
1046 632 1072 692 si
1096 628 1199 693 eodem
1219 623 1285 693 loco

164 749 269 814 ambos
301 749 405 814 iratres
434 750 578 837 designat.
625 750 758 815 Extruso
784 753 894 837 igitur,
928 751 974 815 vel
1002 756 1104 838 potius
1133 753 1171 817 ad
1199 753 1286 818 finem

162 876 311 963 relegato,
336 875 394 940 hoc
416 875 579 951 versiculo,
605 875 772 939 tristiehum
794 875 938 940 hahemus
955 875 1185 956 benedictionis,
1211 900 1286 965 quae

162 1000 204 1063 ad
225 1003 465 1086 imprecationem
481 999 586 1066 Chami
610 998 735 1086 denique
758 1005 926 1066 revertitur.
961 1001 1002 1065 Εἰ
1023 1024 1116 1088 quum
1134 1006 1231 1066 omnia
1247 1002 1286 1066 ad

162 1123 308 1190 Shemum
332 1123 532 1189 extollendum
557 1124 693 1203 tendant,
718 1128 743 1189 is
766 1129 870 1214 utique
888 1129 918 1191 in
936 1131 1031 1213 primo
1049 1140 1078 1190 et
1092 1130 1180 1191 tertio
1196 1149 1286 1192 versu

162 1253 339 1314 sententiam
362 1249 525 1328 concludit,
555 1249 625 1314 dum
649 1251 796 1315 secundus
820 1252 1026 1316 tantummodo
1050 1273 1153 1316 versus
1177 1251 1283 1338 Japeto

161 1389 363 1440 consecratur
408 1373 485 1439 Nam
511 1375 611 1439 nullus
640 1397 705 1440 sum
729 1375 838 1441 dubius
863 1380 935 1463 quin
958 1350 1088 1481 ml&
1111 1380 1150 1440 sit
1172 1379 1284 1441 utrius-

161 1523 221 1588 que
244 1499 328 1564 verbi
350 1513 411 1564 tam
433 1506 500 1606 ΠΠ)
523 1521 611 1587 quam
635 1491 722 1606 ῘΠΠὛ
740 1501 914 1587 subjectum.
953 1501 1042 1584 Quod
1057 1459 1096 1566 ad
1109 1506 1193 1587 prius
1210 1500 1284 1566 illud

160 1625 287 1690 verbum
315 1628 433 1703 attinet,
463 1596 637 1712 interpretes
666 1626 799 1712 plerique
830 1648 930 1690 omnes
959 1627 1085 1690 radicem
1111 1630 1191 1728 ΠΠΠ
1215 1625 1283 1688 alle-

160 1763 247 1839 gant,
283 1762 319 1814 ut
348 1753 387 1814 sit
417 1757 483 1842 ΠΙξ
512 1772 597 1837 apoc.
621 1749 641 1814 2
669 1763 759 1838 temp.
787 1750 878 1838 Hiph.
909 1751 968 1815 hoc
995 1773 1100 1816 sensu:
1131 1704 1281 1834 dedecebit,

162 1876 269 1962 ample
290 1876 393 1962 spotia
416 1845 567 1958 concedet,
592 1875 814 1962 crrquriecimom
835 1877 993 1961 cepionem
1012 1875 1207 1940 incolendam
1224 1874 1281 1939 da·

161 2003 212 2084 hit,
237 2013 272 2064 ut
293 2003 324 2064 in
346 1999 418 2066 Gen
434 2000 551 2078 XXVI,
570 2000 627 2065 22:
652 1975 711 2073 llll
735 1993 820 2106 rtinj
843 2004 982 2095 nimii,
1008 2001 1150 2065 dilatavit
1162 1997 1283 2064 Jelrooo

159 2127 256 2190 cobis.
302 2126 342 2190 Et
363 2125 454 2191 alludi
477 2138 586 2212 putant
608 2125 646 2189 ad
667 2081 724 2190 lale
746 2139 850 2213 patent
851 2148 881 2191 es
904 2096 1106 2213 Japetidarum
1128 2127 1282 2212 migratio-

159 2273 221 2314 nes
270 2247 361 2314 Sed'
353 2273 419 2337 rpsa
441 2251 532 2336 hujus
561 2251 620 2314 loci
642 2254 852 2338 paronomasia
874 2251 986 2315 indicat
1007 2249 1131 2315 verbum
1154 2256 1221 2339 ΠΒἾ
1244 2248 1283 2312 ad

160 2376 368 2468 etymologiam
392 2377 520 2440 nominis
545 2381 612 2482 ΠΠἾ
634 2389 781 2462 spectare,
806 2374 889 2462 quod
913 2375 950 2438 ad
973 2380 1036 2478 ΠΠἺ
1058 2329 1279 2450 referri'debet,

158 2515 194 2565 ut
215 2506 283 2608 ΠΠἿ
313 2504 352 2565 sit
373 2501 563 2586 pulcritudo
609 2501 649 2564 Et
670 2500 820 2564 Jonathan
845 2498 968 2563 verbum
991 2505 1058 2604 ΠΠἾ
1080 2497 1184 2562 codem
1207 2497 1281 2562 rele-

158 2649 226 2692 rens
247 2627 351 2690 hanc
343 2628 616 2712 interpretationem
630 2627 790 2712 proponit:
815 2623 995 2689 condecoret
1016 2619 1137 2728 (ἾΠΠὛ)
1161 2620 1282 2688 Jclroce

158 2753 303 2817 immines
324 2749 440 2837 Japeca‘.
486 2749 646 2838 Repugnat
674 2761 772 2814 autem
800 2751 1005 2837 grammatica,
1037 2770 1112 2835 quae
1134 2751 1211 2813 inter
1232 2770 1280 2812 ra·

158 2877 230 2940 dieis
254 2882 319 2979 ΠΠἾ
341 2875 516 2940 inflexiones
540 2875 654 2940 nullum
677 2874 787 2940 formae
811 2879 877 2980 ΠΠἿ
901 2874 1035 2938 coneedit
1056 2875 1163 2938 locum
1199 2872 1281 2938 Nihil

157 3001 281 3088 impedit
308 3013 421 3076 autem,
455 3003 615 3087 quominus
645 3023 711 3064 cum
733 2969 853 3064 Dathio
872 3000 910 3064 ad
932 2998 1090 3064 Arabicam
1113 3000 1280 3064 versionem

157 3125 378 3214 confugiamus3
408 3138 437 3189 et
461 3128 595 3211 quamvis
623 3147 685 3190 non
707 3147 825 3190 neccsse
849 3127 903 3201 sit,
933 3137 968 3189 ut
991 3125 1029 3190 ad
1050 3123 1212 3189 Arabicum
1236 3119 1280 3186 te

155 3251 314 3317 liberalem
348 3273 411 3314 esse
440 3272 655 3336 provocemus,
692 3249 814 3314 similem
843 3263 940 3314 tamen
968 3250 1211 3338 significationem
1241 3271 1280 3314 ex

154 3375 290 3441 Hebraea
317 3375 415 3440 radice
444 3379 525 3479 ΠΠΠ
555 3378 618 3440 erui
645 3398 735 3462 posse
765 3378 918 3451 existimo,
947 3387 982 3438 ut
1010 3396 1114 3438 sensus
1143 3375 1201 3437 loci
1226 3378 1276 3438 sit:

148 3502 297 3590 pulcrum
318 3499 485 3587 fortunam
506 3501 596 3567 Deus
618 3499 732 3585 pulcro
755 3498 869 3585 Japeto
898 3498 1059 3584 coeperam.
1101 3496 1182 3579 Quae
1212 3500 1279 3584 qui-

155 3627 222 3691 dem
237 3628 407 3690 vaticinatio
431 3638 491 3690 tam
515 3629 686 3704 immensam
702 3627 804 3711 stirpis
819 3621 1109 3688 indo-Germanicae
1126 3622 1276 3699 ditionem,

138 3774 244 3839 ¹quam
268 3750 451 3838 splendidam
473 3749 624 3814 fortunam
643 3750 817 3826 Persarum,
843 3748 1037 3826 Graecorum,
1061 3749 1275 3824 Romanorum,

154 3876 304 3962 hodieque
327 3879 423 3963 gentis
440 3873 734 3962 Angla-saxonicae
759 3875 971 3961 complectitur.
998 3873 1149 3960 Sequitur,
1175 3873 1278 3938 code‘m

155 4000 304 4086 subjecto:
335 4011 364 4064 et
384 4000 535 4064 habitabat
557 3995 610 4082 (sc.
632 3997 726 4082 Deus)
749 4003 784 4065 e’re
806 4000 1012 4066 tabernaculis
1036 3996 1150 4062 sterni.
1198 3995 1278 4078 Quid

154 4127 352 4213 perspieacius
381 4125 428 4189 vel
459 4128 637 4214 cogitatione
670 4123 769 4214 effingi
802 4137 921 4213 posset,
957 4123 995 4187 ad
1024 4145 1123 4186 veram
1151 4121 1277 4186 duarum

156 4251 306 4339 stirpium,
339 4273 413 4338 quae
443 4249 545 4316 orbem
574 4264 719 4316 terrarum
750 4255 830 4325 omni
853 4253 915 4314 vita
945 4261 1033 4336 atquc
1057 4247 1138 4311 cultu
1162 4247 1277 4336 expoli-

156 4389 275 4454 verunt‚
302 4377 410 4442 scilieet
423 4375 716 4443 ludo-Germanicae
739 4390 769 4442 et
784 4373 954 4451 semideae,
981 4386 1091 4439 sortem
1109 4373 1283 4461 significem·
