3172 5186
543 430 546 445 =
599 381 813 495 ..mr-

143 591 290 660 librorum
314 591 561 672 Samuelicorum‚
593 596 655 658 sive
684 595 709 658 is
731 591 851 658 Nathan
879 591 983 671 luerit,
1014 596 1076 660 sive
1099 591 1174 661 alius
1198 597 1264 684 quis

145 717 303 784 Solomoni
326 718 465 807 aequalis,
489 741 578 784 unam
603 718 698 783 saltim
722 718 843 806 elegiam
860 739 898 783 ex
914 719 1086 807 anthologia
1101 720 1266 785 Jasharana

144 855 312 908 mutuatum
336 866 413 920 esse,
447 843 604 908 concludat
626 845 724 931 quivis
748 847 874 908 sanioris
898 846 1011 908 critices
1034 847 1173 931 peritior,
1203 867 1265 910 non

143 967 236 1032 modo
259 969 379 1034 alteram
402 969 480 1032 illam
504 968 539 1032 de
554 967 675 1034 Abnero
700 968 829 1055 elegiam,
855 969 939 1053 cujus
962 972 1082 1032 nonnisi
1104 967 1265 1034 frustulum

144 1105 282 1179 superest
305 1087 338 1174 (2
354 1091 434 1158 Sam.
448 1093 500 1169 Ill,
519 1090 576 1170 33,
596 1088 661 1174 34),
686 1115 724 1156 ex
747 1093 849 1156 eodem
873 1104 1058 1180 syntagmate
1081 1092 1265 1180 desumptam

144 1239 219 1295 esse,
245 1219 471 1294 verumetiam,
503 1239 536 1280 ac
558 1216 652 1281 multo
677 1221 763 1282 etiam
785 1221 893 1305 magis,
919 1217 975 1280 alia
999 1219 1139 1295 carmina,
1164 1239 1182 1280 a
1204 1217 1265 1281 Da·

143 1340 213 1406 vide
236 1345 345 1429 scripta
367 1353 455 1428 atque
479 1340 516 1405 ad
531 1339 675 1406 Davidem
691 1345 787 1428 ipsum
803 1344 988 1428 pertinentia,
1014 1363 1088 1429 quae
1104 1341 1263 1406 historiens

44 1539 47 1542 ,
143 1478 248 1530 noster
270 1466 412 1530 verbatim
441 1468 602 1553 excerpsit,
632 1465 829 1530 Jasharanum
854 1469 997 1552 originem
1027 1479 1097 1552 prae
1124 1487 1155 1530 se
1179 1464 1262 1530 ferre.

142 1590 188 1654 Ita
210 1589 393 1668 habebimus,
418 1603 534 1677 praeter
552 1593 624 1655 istas
648 1592 765 1678 elegias,
789 1589 899 1676 quibus
922 1590 1057 1654 homines
1082 1590 1138 1654 sibi
1162 1589 1263 1655 affines

144 1714 323 1802 eosdemque
345 1714 413 1803 plus
436 1718 530 1802 magis
552 1713 683 1780 infensos
706 1715 875 1790 honoravit,
899 1714 1020 1778 Hannae
1042 1713 1125 1802 quod
1140 1727 1265 1779 vocatur

144 1843 291 1904 canticum
314 1835 345 1922 (1
365 1839 444 1904 Sam.
460 1841 498 1917 II,
519 1836 661 1922 1-10),
685 1838 768 1925 quod
791 1839 878 1916 mihi,
903 1852 1027 1903 utente
1052 1839 1179 1916 Thenio,
1203 1837 1264 1903 Da·

143 1963 221 2028 vidis
245 1967 276 2028 in
300 1963 466 2028 Goliatham
489 1965 674 2050 triumphum
696 1963 841 2029 celebrare
862 1963 989 2040 videtur,
1013 1962 1163 2028 Psalmum
1187 1962 1265 2027 deci·

143 2111 225 2152 mum
249 2100 386 2153 octavum
410 2085 443 2171 (2
460 2087 540 2154 Sam.
558 2086 671 2171 XXII),
697 2101 726 2154 et
746 2088 850 2153 ultima
871 2088 995 2152 Davidis
1018 2087 1109 2154 verba
1132 2065 1165 2170 (2
1182 2086 1262 2152 Sam.

143 2211 255 2285 XXIII,
275 2209 384 2296 l-t).
418 2212 465 2290 Si,
489 2227 524 2278 ut
548 2214 645 2300 aliqua
661 2214 707 2277 his
724 2216 851 2277 accessio
866 2212 927 2290 fiat,
952 2214 1070 2301 Iungam
1086 2213 1163 2277 illam
1179 2213 1264 2277 Psal-

143 2353 261 2400 morum
275 2337 476 2401 collectionem
489 2351 719 2426 perscrutamur,
736 2338 819 2414 nihil,
838 2340 953 2423 opinor,
970 2340 1163 2414 inveniemus,
1181 2337 1263 2425 quod

144 2464 303 2526 certissime
331 2461 390 2527 huc
413 2461 514 2528 referri
540 2465 652 2550 possit,
682 2474 798 2549 praeter
822 2464 977 2548 epinieium
1001 2461 1088 2538 illud,
1119 2484 1179 2549 quo
1202 2462 1264 2526 Da-

143 2585 227 2649 vides
250 2589 389 2650 victorias
414 2609 482 2652 suas
507 2586 544 2651 ab
567 2586 723 2664 lddomitis,
747 2583 899 2662 Moabitis,
924 2598 954 2650 et
970 2584 1138 2650 Philistaeis
1160 2599 1262 2673 partas

145 2707 270 2793 (Psalm.
291 2706 366 2792 LX)
395 2712 544 2798 relligiosa
572 2715 710 2776 ovatione
739 2710 932 2775 concelebrat.
975 2710 1088 2774 Multos
1112 2723 1263 2798 praeterea

142 2834 277 2910 Psalmos
306 2834 459 2900 aDavide
489 2839 556 2924 ipso
586 2839 770 2923 conscriptos
801 2859 880 2913 esse,
910 2838 1017 2923 partim
1040 2835 1124 2913 laeti,
1154 2839 1261 2924 partim

143 2963 283 3024 tristioris
318 2964 497 3048 argumenti,
532 2964 649 3026 minime
683 2965 859 3050 negaverim.
907 2959 968 3025 Sed
997 2960 1113 3025 credere
1144 2974 1264 3049 oportet

143 3084 231 3148 talem
258 3107 369 3172 regem,
400 3089 454 3150 etsi
484 3107 552 3150 suas
582 3089 775 3173 cogitationes
806 3087 841 3151 de
871 3090 976 3173 quavis
1004 3109 1036 3151 re
1062 3087 1167 3151 litteris
1192 3109 1263 3152 con-

144 3212 321 3296 sIgnaverit,
345 3233 406 3275 non
429 3223 526 3276 tamen
548 3211 657 3275 idcirco
685 3213 842 3297 jussurum
865 3181 970 3288 fuisse,
995 3225 1030 3276 ut
1051 3212 1128 3276 libro
1152 3212 1194 3276 illi
1217 3215 1262 3275 in·

144 3345 312 3398 sererentur
338 3356 426 3423 quem
449 3335 581 3400 coetibus
607 3335 804 3401 Israelitarum
831 3335 1046 3400 decantandum
1068 3335 1260 3401 mandaverit.

145 3457 244 3541 Quum
273 3459 357 3522 multi
380 3472 492 3536 essent,
523 3463 575 3547 qui
599 3459 696 3535 Sauli,
727 3459 919 3535 Ionathanis,
948 3458 1061 3523 Abneri
1090 3463 1262 3523 memoriam

143 3582 281 3660 colerent,
309 3583 463 3670 prudentis
486 3598 549 3649 erat
571 3587 627 3649 viri
650 3598 680 3649 et
701 3587 778 3671 regis
802 3583 956 3648 ostendere
979 3587 1084 3670 quanti
1104 3583 1261 3647 bellicosos

143 3707 211 3771 illos
233 3708 367 3772 homines
391 3709 453 3796 ipsc
478 3713 653 3774 aestimaret.
694 3708 754 3774 Sed
777 3708 813 3772 de
837 3712 899 3773 suis
923 3721 989 3773 ante
1005 3730 1128 3795 regnum
1143 3721 1262 3795 partum

144 3832 342 3897 errationibus
366 3845 395 3897 et
416 3837 556 3911 miseriis,
581 3833 617 3898 de
639 3835 766 3921 peccatis
788 3846 894 3920 postea
917 3832 1067 3911 admissis,
1091 3855 1178 3898 nemo
1201 3832 1262 3896 na-

143 3956 211 4021 vidc
233 3961 351 4022 vivente
381 3971 410 4022 et
439 3971 578 4045 regnante
602 3957 764 4045 quidquam
787 3957 872 4023 edere
896 3980 986 4023 ausus
1010 3970 1096 4022 esset.
1131 3955 1175 4022 Ne
1199 3979 1262 4022 car-

143 4103 209 4145 men
239 4081 357 4169 quidem
387 4082 469 4148 istud
498 4080 622 4165 (Psalm.
643 4080 701 4163 ll),
733 4104 794 4170 quo
824 4083 993 4147 inchoatam
1016 4085 1156 4146 victoriae
1179 4102 1261 4168 spem

144 4205 289 4292 siguificat
310 4229 365 4272 rex
387 4207 434 4271 ille
457 4220 488 4270 et
509 4218 607 4284 vates,
631 4207 796 4272 Jasharano
819 4205 895 4270 libro
920 4210 1061 4270 insertum
1085 4208 1260 4292 putaverim.

144 4328 303 4417 Scripserit
329 4331 403 4395 illud
432 4344 462 4396 et
484 4334 675 4396 conservarit.
714 4331 775 4396 Sed
803 4334 834 4395 in
856 4331 933 4394 libro
957 4328 1091 4394 coetibus
1115 4329 1260 4393 destinato

142 4476 204 4519 non
227 4467 374 4542 speratam
396 4454 450 4521 sed
475 4469 589 4542 partam
611 4459 766 4520 victoriam
789 4453 933 4520 celebrare
957 4452 1096 4530 debebat,
1125 4452 1156 4518 id
1180 4452 1262 4540 quod

1015 4572 1050 4628 20
