3160 5170
754 270 962 378 Q—

298 478 410 567 aliquid
434 478 476 544 ibi
498 481 638 544 momenti
661 477 699 542 ad
721 475 905 564 relligionem
927 478 1077 564 reperiret.
1124 475 1191 540 Hoc
1214 487 1421 563 argumentum

300 607 415 692 egregie
448 606 586 668 uaemvit
616 601 791 689 Theologus
821 600 1076 678 transatlanticus,
1112 599 1261 664 Andrews
1289 597 1418 677 Norton,

299 749 385 816 quem
415 728 501 794 adeat
523 730 548 792 si
572 730 638 813 quis
662 725 804 792 lusiorem
829 724 1060 812 disputationem
1084 725 1232 790 desiderat
1255 720 1335 807 (The
1358 727 1421 788 evi·

298 854 403 918 dences
429 852 464 917 ol
481 853 532 916 the
554 854 749 939 genuineness
767 849 802 914 ol
812 849 863 914 the
881 848 1016 936 Gospels,
1034 849 1102 940 vol.
1118 850 1152 914 Il.
1176 871 1227 936 pp.
1245 844 1312 914 464
1327 844 1419 936 sqq.).

297 977 341 1043 Ne
370 979 418 1043 ille
441 977 559 1065 quidem
583 979 635 1064 qui
658 975 750 1040 libros
773 975 889 1063 Regum
913 974 1099 1061 compilavit,
1130 976 1182 1061 qui
1205 973 1244 1036 ad
1266 943 1421 1038 minimum

298 1103 494 1192 quadraginta
528 1124 622 1166 annos
658 1112 729 1187 post
764 1103 942 1186 captivitatis
976 1102 1093 1164 initium
1128 1100 1246 1184 scripsit
1281 1093 1320 1180 (2
1343 1097 1419 1186 Reg.

296 1228 396 1305 XXV,
414 1223 480 1308 27),
493 1227 596 1291 ullum
622 1225 710 1288 alium
733 1224 806 1312 legis
830 1223 938 1290 librum
962 1226 1104 1311 cognovit
1127 1243 1215 1310 quam
1231 1222 1422 1288 Deuterono-

297 1356 398 1418 mium.
444 1351 498 1417 Ait
524 1353 600 1414 enim
625 1345 658 1431 (2
674 1349 747 1435 ch.
764 1348 845 1426 XIV,
863 1344 911 1429 bi:
942 1371 1065 1414 »eorum
1088 1347 1165 1412 filios
1189 1369 1251 1412 non
1274 1346 1422 1412 interfecit

298 1499 336 1542 ex
369 1476 433 1563 lege
460 1475 607 1551 Mosaica,
644 1497 732 1562 quam
762 1473 879 1537 dehova
911 1474 958 1538 his
988 1471 1086 1536 verbis
1116 1472 1210 1537 dedit:
1244 1494 1307 1537 uon
1337 1471 1422 1536 luent

296 1613 434 1690 parentes
461 1613 580 1688 peccata
608 1598 770 1664 liberorum
798 1621 852 1662 nec
878 1596 963 1662 liberi
986 1610 1159 1683 parentum,
1191 1596 1244 1661 sed
1265 1599 1312 1660 sui
1336 1597 1421 1683 quis-

298 1749 355 1815 que
379 1729 490 1813 peccati
513 1747 625 1812 poenas
649 1723 762 1788 dabit«
809 1723 851 1788 At
874 1725 950 1786 enim
972 1745 1043 1786 vcro
1067 1722 1139 1786 haec
1164 1720 1253 1787 verba
1275 1744 1337 1785 non
1360 1723 1420 1784 nisi

297 1856 329 1916 in
358 1851 434 1915 libro
458 1850 620 1914 Deuteron.
642 1847 754 1924 XXIV,
782 1845 821 1912 16
851 1847 1004 1935 leguntur,
1035 1869 1122 1934 quem
1144 1849 1309 1934 respexerit
1330 1848 1420 1910 etiam

297 1976 417 2039 Ezeltiel
432 1970 470 2056 (c.
483 1973 589 2050 XVIII,
605 1971 636 2050 4,
654 1969 719 2054 20),
745 1976 797 2059 qui
820 1972 923 2036 eodem
946 1973 1005 2038 l'ere
1020 1985 1153 2059 tempore
1168 1974 1346 2036 vaticinatus
1363 1983 1419 2037 est.

299 2099 398 2183 Quum
420 2102 513 2186 igitur
534 2097 698 2163 Jasharana
721 2098 863 2175 collectio,
893 2119 969 2183 quae
991 2110 1130 2184 regnante
1155 2096 1317 2162 Solomone
1339 2096 1421 2160 edita

298 2236 357 2300 est,
381 2235 536 2311 praecepta
558 2222 718 2309 probitatis
737 2221 853 2287 divinae
870 2225 1034 2288 necessario
1051 2221 1234 2299 continebat,
1260 2241 1336 2309 quae
1354 2244 1418 2285 non

297 2349 353 2412 alia
377 2370 440 2412 esse
466 2359 620 2434 poterant,
651 2370 739 2435 quam
763 2368 838 2434 quae
862 2345 995 2424 Samuel,
1027 2347 1171 2423 Davides,
1202 2358 1231 2410 et
1253 2346 1418 2433 prophetae

298 2485 517 2561 cognoverunt,
549 2493 623 2560 quae
651 2476 737 2537 etiam
760 2475 790 2535 in
814 2471 889 2566 libro
913 2472 1138 2537 Deuteronomii
1161 2483 1292 2548 exstant,
1324 2493 1418 2558 quum

295 2599 411 2664 Michas
433 2601 474 2662 ita
499 2601 567 2662 citet
588 2597 681 2661 libros
697 2596 894 2662 dasharanurn
910 2610 939 2662 et
952 2597 1217 2662 Deuteronomium
1233 2607 1268 2660 ut
1283 2598 1309 2660 si
1323 2617 1417 2659 unum

296 2724 405 2789 librum
429 2724 575 2799 volveret,
607 2735 718 2786 certum
747 2734 792 2786 est
819 2722 933 2788 nullum
962 2721 1044 2786 aliud
1069 2722 1234 2808 relligiosae
1257 2721 1417 2808 probitatis

297 2848 507 2913 documentum
535 2861 602 2912 ante
625 2846 805 2912 Iudaeorum
836 2849 1034 2934 captivitatem
1063 2849 1093 2909 in
1121 2845 1282 2932 propatulo
1314 2845 1416 2922 fuisse,

296 2976 353 3037 nisi
382 2972 455 3038 illud
484 2976 582 3061 ipsum
606 2972 689 3059 quod
712 2975 742 3036 in
764 2970 841 3035 libro
864 2971 1089 3036 Deuteronomii
1112 2975 1294 3048 continetur,
1324 2969 1418 3034 idem·

296 3120 354 3186 que
377 3097 541 3162 Jasharano
565 3097 641 3162 libro
665 3100 696 3160 in
720 3099 865 3183 excerptis
890 3096 986 3160 saltim
1008 3095 1153 3162 inclusum
1177 3118 1250 3161 esse.
1287 3093 1320 3160 Si
1344 3095 1418 3160 haec

294 3237 451 3311 praecepta
480 3225 605 3288 seorsim
633 3226 664 3286 in
685 3221 740 3287 Dei
768 3221 878 3308 templo
906 3221 1159 3286 conservabantur
1173 3214 1208 3304 ¹),
1238 3220 1418 3308 prodierunt

294 3360 392 3413 tamen
415 3350 612 3435 expertein
635 3347 785 3434 publicum
810 3349 918 3432 stipata
945 3358 974 3411 et
997 3346 1198 3433 conglutinata
1222 3367 1289 3410 eum
1312 3347 1416 3410 ceteris

294 3473 450 3539 Jasharani
477 3475 671 3560 syntagmatis
695 3471 889 3548 carminibus,
919 3469 1003 3558 quod
1025 3470 1072 3533 vel
1094 3471 1162 3536 inde
1186 3470 1313 3535 deducas
1337 3470 1414 3548 licet,

295 3599 378 3686 quod
401 3603 426 3663 is
450 3601 502 3685 qui
524 3601 715 3662 recentiorem
734 3596 957 3662 Deuteronomii
981 3595 1140 3662 editionem
1162 3599 1281 3684 paravit
1303 3598 1416 3661 cantica

371 3827 389 3894 ¹)
414 3825 519 3879 Librum
532 3824 700 3879 Jasbaranum
712 3823 797 3900 ¹luisse
810 3822 874 3877 illud
887 3827 971 3896 ipsum
985 3822 1179 3892 documentum,
1197 3824 1265 3897 quod
1279 3826 1304 3878 in
1317 3819 1414 3896 templo

295 3931 473 3986 asservabatur
492 3939 599 3985 testatur
618 3929 735 3986 chaldaea
754 3933 864 3986 nominis
884 3933 950 4021 7322
966 3932 1140 4002 interpretatio
1160 3931 1248 4003 (supra
1266 3931 1422 4004 prolegom„

293 4043 318 4110 p.
332 4037 378 4108 24)
398 4047 423 4094 ct
442 4038 573 4092 conlirmat
592 4038 775 4111 quadamtenus
793 4035 925 4108 Josephus
944 4039 1065 4108 (llntiqq.
1079 4039 1111 4102 V,
1127 4035 1167 4102 l'I,
1187 4036 1259 4107 §lla
1284 4037 1322 4092 ὅτι
1340 4037 1369 4092 ct
1386 4035 1415 4092 ad

292 4145 377 4219 μῆκος
399 4145 442 4214 τῆς
464 4143 565 4221 ἡμέρας
588 4147 700 4200 enecone
722 4145 776 4198 τότε
800 4145 846 4198 καὶ
866 4143 910 4198 rori
927 4145 1056 4212 συνὴθυνς
1072 4144 1210 4198 ἐπλεόνασε
1228 4144 1349 4211 δηλοῦται
1367 4143 1415 4199 daci

293 4251 344 4306 τῶν
363 4252 546 4324 ἀνακειμένων
562 4256 593 4307 ἐν
609 4255 643 4324 τῷ
662 4252 726 4328 ἱερῷ
739 4250 914 4326 γραμμάτων,
933 4250 977 4305 ubi
990 4247 1083 4305 librum
1097 4254 1162 4344 'th
1173 4249 1294 4326 iutelligit
1305 4249 1414 4322 blasius,

292 4356 337 4414 atti
356 4367 438 4416 autem
457 4359 490 4416 de
509 4357 574 4414 libro
593 4360 690 4416 Joauae
709 4359 842 4434 accipiunt.
