3172 5186
763 331 974 448 Q

311 546 432 632 Moyses
455 549 527 632 ipse,
551 567 604 632 per
626 544 796 632 parabolam
812 543 1093 630 contemplatoribus
1117 546 1246 620 amicam,
1270 565 1426 631 exponens

309 671 424 758 lapsum
453 673 616 759 primorum
638 681 808 759 parentum,
839 691 965 756 nequam
988 668 1132 758 quendam
1157 669 1344 746 daemonem,
1367 668 1428 734 cal·

310 795 405 860 lidum-
423 808 510 883 atque
525 808 687 873 versutum,
707 795 793 860 saluti
815 794 1117 870 bumanaeinvidum,
1139 795 1251 860 bomini
1274 794 1426 858 inhaerere

312 920 406 998 docet,
427 942 514 1009 quem
537 934 700 1008 serpentem
723 921 860 1008 appellat,
884 922 970 1007 eujus
992 920 1094 986 iraude
1116 923 1203 1008 primi
1226 931 1372 1006 parentes,
1397 931 1427 984 et

312 1069 429 1123 omnes,
453 1050 503 1134 qui
527 1069 564 1112 ex
585 1047 633 1110 bis
655 1050 746 1134 geniti
769 1059 847 1123 suut,
872 1047 1098 1112 immortalitatis
1122 1044 1331 1112 beatitudinem
1354 1047 1427 1108 ami·

312 1185 428 1237 serunt:
456 1173 537 1252 bunc
558 1185 721 1259 serpentem
743 1195 804 1238 nou
826 1172 906 1236 aliud
932 1171 1122 1248 arbitremur,
1147 1193 1234 1259 quam
1258 1169 1423 1236 sensibilem

312 1292 513 1386 carnalemque
536 1297 685 1375 allectum,
709 1301 768 1363 imo
791 1319 876 1384 quem
904 1311 981 1364 recte
1005 1298 1165 1362 dixerimus
1193 1300 1291 1383 ipsum
1314 1317 1424 1360 concn-

312 1427 469 1513 pisceutiae
491 1424 617 1511 genitale
638 1426 695 1488 riri
723 1421 899 1499 membrum,
928 1421 1089 1487 membrum
1119 1423 1236 1510 reptile,
1261 1421 1423 1486 membrum

312 1571 448 1638 serpens,
479 1548 639 1614 membrum
668 1546 829 1625 lubricum,
859 1551 1006 1635 variisque
1035 1545 1213 1612 anfractibus
1242 1559 1422 1622 tortuosum,

312 1675 394 1763 qnod
416 1674 509 1738 Eram
530 1677 654 1740 tentavit
682 1687 769 1762 atque
793 1673 915 1761 decepit.
955 1671 1012 1739 cut
1039 1686 1116 1739 reete
1144 1676 1287 1760 serpentis
1316 1695 1423 1736 nomen

311 1799 531 1887 similitudoque
559 1790 705 1888 congruit.
746 1797 866 1864 Nullum
894 1802 994 1887 itaque
1028 1800 1114 1864 aliurn
1139 1798 1309 1865 daemonem
1330 1797 1423 1862 Evam

311 1935 438 1990 tentasse
461 1924 645 2002 arbitramur,
670 1947 756 2012 quam
780 1925 871 2000 illum,
895 1924 931 1989 de
946 1946 1007 2011 quo
1031 1927 1072 1988 ait
1086 1923 1138 2012 lob
1152 1918 1196 2006 1)ε
1221 1924 1315 2008 ueste
1328 1925 1424 1988 cirtem

312 2060 355 2116 cst
375 2051 409 2114 ire
431 2049 548 2134 lumbis,
566 2061 595 2114 et
609 2061 746 2137 potestus
765 2051 799 2116 c'n
814 2049 973 2134 ombilico,
995 2071 1080 2136 quem
1096 2049 1207 2114 Paulus
1230 2041 1346 2130 vocat²l
1368 2051 1422 2114 sti·

310 2175 426 2240 mulum
455 2176 557 2240 cornis
589 2185 618 2240 ct
639 2175 781 2262 eupolum
810 2173 956 2240 Sntooce.
1003 2174 1059 2240 Hic
1086 2186 1130 2240 est
1157 2175 1205 2238 ille
1233 2173 1339 2251 Satan,
1370 2178 1422 2262 qui

310 2303 458 2388 persuasit
478 2301 589 2388 lignum
612 2302 749 2366 scientiae
771 2300 842 2365 boni
871 2313 899 2364 et
921 2300 1005 2378 mali;
1027 2300 1063 2364 de
1086 2322 1145 2389 quo
1162 2303 1241 2367 vesci
1263 2312 1326 2365 erat
1351 2321 1421 2385 pro·

310 2425 452 2502 bibitum,
479 2449 540 2490 non
562 2424 645 2513 quod
672 2425 816 2493 invideret
838 2425 917 2491 Deus
947 2426 1058 2491 homini
1085 2429 1234 2492 seientiam
1259 2423 1346 2502 boni,
1370 2424 1420 2496 sed

310 2551 377 2617 mali
406 2553 553 2616 scientiam
587 2551 756 2638 probibuit:
784 2574 844 2617 non
872 2554 967 2617 vetuit
994 2551 1105 2616 bomini
1132 2573 1248 2639 sapere,
1272 2549 1325 2614 sed
1353 2549 1420 2636 plus

311 2698 413 2764 sapere
435 2698 521 2763 quam
546 2679 674 2764 oportet.
719 2675 806 2744 Nulla
835 2689 931 2742 autem
960 2677 1016 2742 alia
1043 2689 1088 2742 est
1115 2677 1163 2741 illa
1193 2679 1313 2740 seientia
1342 2675 1419 2752 mali,

311 2804 429 2868 scientia
452 2801 673 2888 superfluitatis,
698 2804 753 2865 nisi
783 2805 903 2866 scientia
925 2805 1030 2878 carnis,
1055 2804 1175 2866 scientia
1199 2800 1421 2889 impudicitiae«

399 2919 567 3014 (p.418.)³)
592 2926 675 2991 »Hoc
689 2948 769 2992 nune
790 2929 916 3014 primum
932 2950 969 2992 ex
984 2927 1186 2992 maledictione
1201 2940 1305 3014 portus
1321 2938 1420 2992 osten·

312 3051 405 3128 ditur,
430 3064 463 3116 ut
486 3074 572 3138 quem
600 3064 692 3116 mater
713 3055 744 3116 in
767 3053 919 3138 voluptate
943 3057 1036 3118 earnis
1060 3055 1240 3140 conceperit,
1265 3055 1294 3116 in
1318 3050 1419 3116 dolere

311 3179 413 3264 pariat,
438 3179 519 3241 acsi
542 3169 701 3256 dicatur⁴):
723 3173 807 3242 Ecce
830 3179 968 3264 concepit
988 3179 1177 3263 iopimtitiom,
1195 3178 1349 3264 parturiit
1363 3177 1419 3243 dc·

310 3301 420 3384 dorem,
438 3303 564 3388 peperit
589 3302 795 3390 iniquitatem,
824 3303 925 3368 lumem
949 3305 1071 3390 operuit
1099 3315 1128 3369 et
1149 3303 1258 3392 effodit
1285 3325 1368 3384 eum,
1392 3312 1422 3366 et

309 3427 417 3494 medie
436 3428 469 3492 a're
484 3426 613 3514 soccum
635 3451 729 3516 qoam
743 3426 837 3516 fecit,
861 3438 1053 3494 concertator
1075 3429 1164 3494 dolor
1187 3431 1250 3513 epioe
1271 3429 1306 3492 in
1327 3436 1422 3514 caput

221 3561 228 3575 ‘
309 3553 406 3639 ipsius
428 3563 457 3616 et
476 3553 511 3617 io
530 3555 671 3652 vertioem
694 3556 759 3637 ejus
783 3554 930 3642 iniquitas
956 3554 1054 3639 opsloe
1076 3553 1246 3619 descendat.
1292 3551 1421 3618 Accedat

309 3676 347 3742 ad
370 3678 441 3747 baec
462 3690 583 3744 naturae
599 3677 741 3765 quaedam
764 3678 937 3766 indignatio,
961 3701 1026 3746 oum
1050 3701 1102 3744 nec
1125 3681 1302 3766 opprimitur
1324 3681 1418 3765 virgo,

309 3825 362 3868 nec
388 3805 467 3889 parit
495 3803 598 3870 mulier
625 3806 687 3868 sine
715 3806 867 3891 sanguiue.
914 3803 974 3869 Sed
1005 3804 1153 3868 videamus
1177 3803 1258 3891 quod
1287 3815 1418 3870 secutum

308 3941 362 3994 est.
408 3927 491 3994 Duos
514 3927 590 3992 filios
612 3931 714 4016 genuit
736 3923 877 4010 Adam⁵),
901 3932 1027 4016 primum
1051 3929 1141 4006 Cain,
1165 3932 1216 4016 qui
1244 3949 1298 4015 per
1322 3941 1418 3992 mans·

307 4055 487 4142 grossiorem
510 4066 668 4139 conceptus
691 4065 744 4131 est,
760 4054 838 4120 filius
860 4058 979 4141 peccati,
1001 4055 1078 4122 iilius
1101 4057 1263 4144 sanguinis,
1288 4054 1417 4132 invidus,

307 4177 467 4258 homicida,
492 4178 648 4266 desperans
672 4177 708 4244 de
729 4180 928 4246 misericordia
950 4180 1020 4258 Dei,
1043 4183 1236 4268 nequeenim
1260 4183 1341 4246 nasci
1362 4202 1418 4267 po·

378 4442 399 4510 ι>
417 4379 532 4498 loleL.
544 4471 579 4484 -
591 4443 613 4511 ²)
628 4444 703 4500 lilor.
712 4444 768 4500 ΧΗ.
783 4475 814 4484 -
826 4443 850 4513 ⁸)
860 4444 967 4500 Genlll.
982 4475 1013 4486 -
1027 4444 1417 4514 ⁴)rs21m.vu.-⁵)om.1v.
