3164 5176
746 321 956 434 Q

475 531 583 600 Coram
604 531 680 610 Deo,
705 534 758 620 qui
780 529 862 596 Deus
886 543 932 597 est
953 530 1160 596 israelitarum.

290 638 449 758 Pffifflff„
472 661 603 746 Largum
625 657 747 724 imbrem
771 655 926 734 fundebas,
950 656 1041 734 Deus,

471 784 511 849 Et
532 783 725 848 hereditatem
738 796 830 860 tuam,
856 785 997 870 quoniam
1018 780 1095 847 fessa
1117 792 1188 859 erat,
1213 776 1415 846 sustentabas.

399 923 449 980 tn]
473 907 517 973 Ibi
541 922 642 974 eoetus
665 921 737 974 tuus
761 907 905 972 consedit.

472 1033 532 1098 Pro
556 1033 689 1099 bonitate
712 1046 773 1111 tua,
797 1033 888 1112 Deus,
916 1034 1101 1121 prospexisti
1124 1029 1251 1097 afflietis.

642 1287 852 1332 uuutououluu
874 1285 1061 1332 nnutuauuu.

791 1407 876 1460 suopte
891 1407 911 1450 3.

401 1549 449 1604 [aa]
474 1532 620 1597 Dominus
643 1532 764 1599 mandat
785 1532 949 1620 hymnum3

472 1658 612 1723 Mulieres
635 1658 710 1722 laeta
733 1661 945 1722 annunciantes
968 1678 1074 1744 magna
1097 1670 1214 1721 caterva
1237 1654 1356 1722 adsunt.

402 1798 450 1855 [aa]
475 1784 572 1871 Reges
596 1806 662 1848 eum
686 1783 865 1848 exercitibus
888 1782 1017 1870 fugiunt,
1042 1781 1175 1870 fugiunt!

423 1917 427 1924 '
472 1909 511 1972 Et
533 1921 668 1973 matrona
691 1909 844 1974 domiseda
865 1911 995 1995 partitur
1017 1907 1166 1994 praedam.

400 2048 450 2105 {rat
474 2033 597 2098 Etiamsi
620 2038 651 2097 in
675 2001 790 2106 culinis*
804 2047 889 2099 antea
913 2033 1118 2109 versabamini,

472 2158 569 2224 Hodie
598 2158 803 2247 deargentatae
827 2163 897 2226 estis
921 2171 952 2224 et
978 2159 1135 2226 deauratae
1158 2159 1236 2224 sieut
1258 2154 1412 2224 columbae

878 2307 1000 2371 pennae.

401 2425 450 2482 [rat
477 2408 575 2493 Quum
598 2431 700 2498 regum
723 2409 766 2473 ibi
789 2413 889 2497 copias
914 2410 1088 2498 dissipasset
1112 2407 1317 2496 Omnipotens,

474 2534 604 2601 Canduit
615 2557 811 2622 unaquaeque
823 2536 928 2599 mulier
939 2557 993 2601 eeu
1004 2539 1058 2600 nix
1070 2539 1100 2600 in
1114 2535 1282 2601 Tsalmonis
1292 2535 1410 2600 vertice.

400 2677 448 2732 [1⁶1
473 2661 529 2728 Est
551 2660 669 2748 quidem
692 2683 778 2725 mons
802 2663 927 2726 eximius
950 2683 1036 2726 mons
1058 2660 1166 2738 Basan,

472 2787 561 2850 Mons
584 2786 733 2873 praealtus
758 2798 803 2850 est
824 2809 910 2850 mons
932 2786 1041 2851 Basan.

402 2927 451 2983 [ut
477 2911 574 2995 Quare
596 2911 743 2976 invidiose
766 2910 941 2989 observatis,
965 2933 1021 2977 vos
1043 2923 1158 2978 montes
1182 2910 1325 2988 altissimi,

471 3035 620 3114 Montem,
645 3058 732 3123 quem
754 3037 836 3102 Deus
860 3037 959 3105 sedem
981 3059 1065 3102 suam
1088 3059 1152 3102 esse
1175 3035 1262 3101 vult?

471 3161 610 3228 Attamen
633 3162 748 3228 Jehova
771 3185 837 3227 eum
859 3165 891 3226 in
914 3175 1065 3228 aeternum
1087 3161 1243 3228 habitabit.

403 3300 452 3357 [181
478 3285 591 3353 Currus
615 3288 669 3354 Dei
693 3301 810 3354 constat
832 3287 949 3354 duabus
972 3287 1172 3376 myriadibus,
1200 3285 1329 3352 millibus
1352 3286 1412 3350 ela·

874 3437 992 3480 morum
1015 3416 1333 3502 circumstrepentium

471 3539 618 3604 Dominus
647 3552 694 3605 est
719 3543 868 3615 interea,
898 3543 976 3605 sieut
1000 3561 1091 3627 super
1113 3539 1196 3606 Sinai
1219 3543 1251 3604 in
1273 3550 1411 3604 sanctua-

875 3668 920 3729 rio
944 3687 1010 3730 suo.

402 3803 450 3859 [1⁹1
477 3786 682 3854 conscendisti
705 3792 737 3855 in
760 3811 864 3867 aream,
888 3792 1024 3878 captivos
1045 3804 1142 3856 tecum
1166 3789 1285 3868 ducens,

471 3912 668 4002 Aeoeptisque
693 3915 773 3981 dono
797 3915 979 3994 bominibus,
1004 3920 1091 3982 etiam
1114 3915 1347 3994 contumacibus,

472 4037 512 4106 Ut
534 4040 649 4106 habites
673 4041 729 4121 bie,
754 4041 821 4119 Jah,
846 4041 941 4107 Deus!
