3164 5176
763 309 977 424 Q

310 523 476 611 appellatur
498 514 601 617 mitt]
623 495 724 616 htltt,
755 519 913 584 Γαλιλαία
939 515 1144 606 ἀλλοφύλων.
1183 521 1354 600 Praeterea,
1383 523 1432 588 bis

309 650 445 735 injectam
467 651 646 712 mentionem
661 617 796 712 videmus
820 645 855 710 de
879 667 946 734 rege
968 645 1180 725 oblationum«
1205 650 1268 712 sine
1290 647 1352 711 ulla
1375 647 1432 712 alia

311 771 514 860 designatione
538 768 624 855 (Gen.
640 771 721 849 XIV,
747 770 775 836 l.
799 770 864 836 Jos.
879 770 948 847 XII,
971 767 1042 852 23),
1073 770 1126 836 ubi
1148 785 1247 836 tamen
1271 771 1431 838 Galilaeam

309 900 394 962 innui
416 909 549 985 apparet.
578 896 747 962 Putandum
771 908 816 961 est
836 899 928 984 igitur
941 899 1118 981 permixtam
1133 900 1280 961 variarum
1297 900 1431 986 gentium

314 1060 350 1072 -
370 1021 531 1110 Syrorum,
555 1022 753 1097 Phoenicum,
771 1018 1015 1098 Canaanitarum,
1033 1022 1262 1088 PhiIistaeorum
1281 1061 1318 1071 -
1337 1023 1432 1087 collu-

310 1151 385 1212 viem
409 1147 447 1211 ab
468 1151 679 1235 antiquissimis
695 1145 879 1235 temporibus
895 1150 926 1210 iu
942 1145 1173 1234 septentrionali
1187 1147 1355 1213 Palaestina
1370 1171 1431 1213 una

309 1276 437 1352 vixisse;
461 1287 490 1338 et
513 1295 605 1361 quum
628 1273 811 1360 singularum
833 1271 953 1336 urbium
977 1272 1071 1360 reguli
1093 1276 1182 1338 unlus
1206 1273 1361 1360 cujusdam
1375 1278 1432 1339 im·

309 1403 393 1486 perio
409 1399 583 1488 plerumque
599 1410 696 1462 essent
712 1397 851 1473 obnoxii,
874 1399 899 1459 is
916 1397 1048 1461 scililicet
1061 1390 1166 1490 mitt]
1181 1373 1272 1504 sst'n,
1290 1401 1309 1462 i.
1323 1421 1349 1462 e.
1365 1397 1431 1464 τῶν

310 1521 420 1588 ἐθνῶν
442 1521 601 1606 βασιλεύς,
625 1522 789 1611 appellatus
814 1534 867 1585 est.
898 1521 946 1586 Ex
960 1518 1071 1587 Josuae
1093 1521 1170 1587 libro
1188 1518 1225 1605 (c.
1241 1524 1293 1600 XI,
1313 1521 1328 1587 l
1348 1520 1429 1613 sqq.)

311 1661 480 1736 comparato
510 1671 577 1713 cum
605 1660 710 1712 nostro
740 1650 853 1711 cantico
883 1642 924 1727 (v.
948 1642 1003 1728 19)
1033 1661 1156 1734 apparet
1183 1650 1282 1735 plures
1307 1650 1429 1738 regulos

308 1776 415 1840 harum
448 1778 603 1842 nationum
631 1772 739 1838 Jahino
771 1770 908 1836 subditos
943 1770 1050 1849 luisse,
1086 1777 1137 1859 qui
1167 1787 1300 1861 satrapae
1329 1773 1429 1839 Sisrae

310 1899 497 1966 obediebant.
538 1899 604 1963 Jam
626 1920 697 1962 vero
728 1895 826 1974 Sisra,
857 1895 956 1961 Iabini
980 1896 1153 1974 Chalaeon,
1183 1902 1202 1962 i.
1226 1921 1250 1962 e.
1280 1898 1338 1963 τοῦ
1365 1898 1431 1964 τῶν

310 2021 420 2088 tecua
434 2021 599 2106 βασιλέως,
623 2034 811 2109 procurator,
835 2024 912 2085 inter
926 2023 981 2086 hes
1003 2026 1164 2110 permixtas
1188 2046 1221 2088 ac
1239 2021 1428 2112 perturbatas

309 2152 444 2215 nationes
467 2146 635 2224 habitabat,
660 2151 691 2210 in
713 2145 788 2211 urbe
812 2147 938 2233 quadam
956 2170 1030 2236 quae
1054 2141 1188 2253 I'lssll'll']
1212 2148 1359 2237 appellata
1373 2162 1427 2227 est,

309 2278 329 2339 i.
346 2298 371 2339 e.
397 2268 650 2358 ξυλοτομόπολις
668 2273 715 2336 vel
738 2270 911 2337 »fabrorum
935 2273 1104 2360 oppidums
1131 2243 1269 2339 Asiaticis
1292 2279 1428 2362 tyrannis

309 2422 424 2488 semper
438 2403 529 2464 moris
552 2399 617 2476 suit,
642 2410 677 2462 nt
697 2398 813 2484 plenam
837 2419 871 2461 ac
893 2397 1014 2462 liberam
1030 2401 1156 2486 satrapis
1172 2403 1234 2464 suis
1249 2412 1428 2486 potestatem

308 2527 516 2613 relinquerent,
540 2523 630 2589 modo
652 2523 805 2611 vectigalia
829 2521 964 2588 subditae
986 2527 1156 2612 provinciae
1180 2523 1283 2589 sedulo
1308 2525 1430 2592 collecta

309 2663 408 2717 essent
430 2673 463 2716 ac
486 2650 670 2715 dinumerata
691 2652 722 2712 in
746 2652 900 2712 aerarium.
934 2649 1029 2737 Regio
1053 2649 1111 2726 illa,
1137 2670 1226 2736 quam
1247 2649 1430 2737 procurabat

260 2857 265 2871 ,
310 2774 402 2854 Sina,
426 2799 444 2840 a
466 2775 580 2841 Libano
604 2773 761 2861 usquead
785 2772 950 2840 Carmelum
974 2787 1003 2839 et
1026 2773 1190 2852 Taborcm,
1218 2779 1358 2863 pretiosis
1382 2799 1429 2842 ar-

307 2900 434 2966 boribus
463 2898 648 2976 abundabat,
677 2901 851 2985 praescrtim
879 2899 987 2977 cedris,
1019 2921 1144 2987 quarum
1172 2912 1244 2965 tunc
1273 2901 1429 2988 multiplex

309 3038 372 3091 erat
399 3046 488 3101 usus,
519 3046 592 3111 quas
620 3027 712 3112 igitur
734 3027 823 3088 vicini
851 3047 935 3113 reges
964 3047 1079 3089 summo
1109 3025 1210 3092 studio
1239 3024 1427 3114 appetebant.

310 3147 499 3237 Quapropter
521 3148 633 3213 Iesaias
655 3150 900 3237 prophetabant
922 3151 1113 3236 jactationem
1137 3151 1319 3220 Sancheribo
1344 3157 1429 3218 attri-

307 3273 389 3340 buit:
413 3273 498 3363 »Ego
524 3297 589 3339 cum
612 3297 752 3340 curruum
775 3298 908 3341 meorum
931 3277 1119 3342 multitudine
1142 3281 1287 3343 montium
1309 3277 1429 3367 fastigia

309 3403 468 3489 occupavi,
488 3404 637 3466 cacumina
648 3399 769 3480 LIbani3
785 3405 935 3490 prostravi
952 3402 1055 3467 cedros
1070 3405 1134 3489 ejus
1149 3425 1298 3491 proceras,
1315 3403 1428 3470 abietes

309 3529 372 3615 ejus
394 3530 670 3616 praestantissImas.
700 3527 856 3593 Penetravi
878 3527 917 3592 ad
932 3551 1075 3592 summam
1089 3529 1153 3615 ejus
1169 3527 1362 3607 altitudinem,
1387 3529 1427 3594 ad

308 3653 422 3740 sylvam
446 3654 509 3738 ejus
533 3656 786 3717 amoenissimam«
812 3648 845 3735 (2
860 3653 934 3742 Reg.
950 3653 1032 3730 XIX,
1050 3649 1115 3736 23).
1144 3653 1245 3741 Atque
1267 3658 1373 3720 iterum
1394 3658 1426 3720 in

306 3776 450 3866 parabola
472 3791 575 3842 contra
596 3799 693 3866 regem
716 3777 894 3864 Babylonis:
924 3777 1091 3856 »Atreus«
1113 3782 1225 3867 inquit,
1251 3793 1373 3846 »contra
1395 3793 1426 3846 te

307 3904 430 3968 laetatae
459 3914 544 3979 sunt,
575 3914 605 3966 et
627 3900 705 3967 cedri
729 3901 848 3981 Libani3
878 3925 999 3991 exque
1024 3902 1172 3982 dormisti,
1203 3927 1266 3970 non
1288 3905 1428 3972 ascendet

232 4045 236 4068 ‘
309 4031 360 4117 qui
384 4025 516 4092 succidat
537 4049 611 4091 nos«
637 4023 709 4108 (Jes.
725 4026 806 4106 XIV,
829 4024 874 4111 8).
908 4028 1004 4120 Ergo,
1035 4026 1284 4119 quemadmodum
1306 4030 1425 4097 Pharao

308 4153 345 4219 ab
369 4151 586 4242 antiquioribus
609 4152 747 4219 Israelitis
771 4154 888 4220 servilia
911 4179 1001 4245 opera
1016 4156 1162 4248 exigebat,
1187 4169 1217 4223 ct
1230 4155 1371 4222 lateribus
1388 4179 1427 4224 ex

307 4280 371 4344 luto
395 4278 556 4345 formandis
572 4283 715 4369 varioque
737 4283 769 4345 in
792 4284 871 4371 agris
894 4285 1014 4349 servitio
1031 4285 1122 4348 vitam
1143 4286 1185 4350 eis
1208 4281 1342 4348 acerbam
1357 4282 1428 4349 red·

309 4401 405 4483 debat,
428 4408 469 4469 ita
486 4404 568 4471 Sisra
592 4425 722 4494 quoque,
744 4418 780 4471 nt
794 4407 946 4496 vectigalia
961 4429 998 4473 ex
1014 4405 1171 4474 arboribus
1186 4406 1294 4475 Jabino
1310 4407 1427 4474 facilius
