3160 5170
625 311 836 422 Qa-

427 508 535 566 Jebova
551 517 594 566 est
609 508 723 584 clypeus
737 517 842 578 noster,

427 614 536 672 Numen
551 615 735 672 israelitarum
752 625 795 670 est
808 633 859 671 rex
874 625 976 672 noster.

430 721 499 780 Olim
515 724 545 779 in
560 725 666 780 visione
683 721 775 778 clienti
790 731 839 778 tuo
855 722 965 778 loeutus
982 741 1023 780 es:

427 829 589 886 ‘Auxilium
605 829 724 905 imposui
738 829 799 884 viro
815 826 975 900 fortissimo,

425 935 572 993 Hominem
589 955 603 993 e
618 937 721 1012 populo
738 935 855 991 electum
872 935 998 993 exaltavi.

425 1045 522 1102 lnveni
536 1042 669 1100 Davidem
686 1043 819 1099 cultorem
833 1059 935 1112 meum,

428 1150 533 1209 Sancto
549 1151 609 1208 oleo
625 1152 724 1208 inunxi
739 1168 826 1208 eum«

168 1272 204 1336 cl.
229 1272 338 1338 Psalm.
353 1271 491 1350 XXXIII,
509 1270 566 1336 20:
590 1271 755 1337 »Jehovam
784 1282 936 1357 exspectat
958 1274 1072 1336 animus
1095 1285 1213 1350 nostem
1242 1274 1289 1338 illc

167 1401 244 1462 enim
275 1396 362 1492 nobis
393 1397 537 1462 auxilium
567 1411 612 1461 est
640 1409 669 1460 et
698 1397 845 1483 clypeus·
893 1393 991 1478 Quum
1014 1395 1139 1461 Danitae
1162 1399 1213 1462 vix
1238 1410 1290 1462 ant

166 1545 203 1587 nc
236 1527 288 1587 vix
322 1523 442 1610 quidem
476 1526 552 1587 inter
586 1521 681 1586 tribus
715 1521 891 1586 Israelitidas
925 1534 1162 1598 recenserentur,
1198 1522 1289 1588 verba

165 1652 275 1738 'inab
303 1651 402 1735 possis
431 1646 553 1712 reddere
576 1658 736 1733 ’tanquam
759 1649 784 1710 sl
808 1659 885 1712 esset
907 1667 967 1710 una
989 1644 1122 1723 tribus«,
1146 1660 1288 1734 tanquam

114 1799 122 1814 ·
166 1776 192 1836 si
215 1742 312 1860 aequo
329 1795 395 1838 cnm
414 1773 515 1837 ceteris
528 1772 596 1856 jure
612 1793 645 1836 ae
660 1774 793 1858 potentia
809 1784 894 1836 esset.
929 1769 989 1836 Sed
1003 1784 1143 1857 praestat,
1169 1776 1286 1860 opinor,

165 1901 264 2001 Ἴης,
299 1898 348 1962 hic
381 1897 447 1962 loeo
485 1895 625 1962 ordinalis
659 1899 774 1962 numeri
808 1889 926 1997 litiis]
959 1901 1092 1984 positum
1125 1898 1287 1986 intelligere

166 2019 215 2105 (cl.
234 2021 307 2088 Gen.
323 2022 349 2099 I,
367 2019 398 2086 5.
422 2020 520 2086 Exod.
536 2020 605 2096 XII,
626 2016 689 2102 18).
734 2021 777 2086 Ita
801 2021 922 2086 eandem
948 2026 1101 2088 notionem
1123 2023 1288 2110 majorevi

165 2148 343 2213 inculcatam
365 2145 555 2212 habebimus:
580 2145 675 2222 »Dan
700 2149 752 2232 qui
774 2149 827 2211 vix
850 2159 895 2210 est
910 2145 1017 2224 tribus,
1041 2160 1181 2235 tanquam
1204 2152 1287 2234 prin-

165 2295 233 2359 ceps
257 2271 353 2337 tribus
377 2271 558 2358 aliquamdiu
581 2270 742 2358 regnabit«
778 2271 884 2336 Statim
902 2285 974 2358 post
987 2272 1160 2338 Danitarnm
1175 2273 1286 2340 tribum

165 2401 294 2484 scriptor
322 2409 425 2461 noster
455 2394 576 2460 Gaditas
607 2408 832 2473 commemorat,
870 2417 999 2482 quorum
1033 2396 1165 2462 militiam
1200 2400 1287 2463 simili

167 2521 294 2587 dictione
318 2519 465 2586 describit.
520 2519 643 2586 Gaditae
672 2524 749 2586 enim
779 2525 855 2585 inter
877 2521 1064 2587 Ammonitas
1092 2520 1229 2607 degentes
1258 2537 1287 2588 et

164 2646 300 2712 Arabum
321 2645 542 2712 incursionibus
565 2645 694 2710 infestati
720 2644 847 2731 ξυνήθη
862 2639 921 2732 τὴν
937 2645 1066 2710 δίαιταν
1079 2642 1160 2729 μεθ’
1177 2645 1287 2714 ὅπλων

167 2769 356 2856 ἐποιήσαντο
387 2765 540 2858 (Thucyd.
556 2771 577 2848 l,
596 2766 639 2854 6).
685 2771 787 2858 Itaque
817 2784 851 2836 ut
873 2770 998 2836 Danitae
1027 2775 1156 2858 serpenti
1183 2795 1222 2836 ex
1243 2773 1287 2838 la-

165 2895 256 2962 tebris
281 2896 426 2960 exsilienti
450 2908 479 2960 et
501 2917 647 2982 equorum
671 2896 768 2960 calces
783 2919 886 2961 morsu
904 2897 1050 2962 adorienti
1066 2911 1284 2984 comparantur,

166 3025 207 3086 ita
231 3019 354 3086 Gaditae
377 3023 480 3098 etiam,
512 3043 605 3108 quum
627 3021 815 3087 Ammonitas
838 3023 886 3086 vel
907 3021 1022 3088 Arabes
1053 3036 1160 3088 terram
1183 3046 1286 3089 corum

164 3146 300 3234 populati
327 3146 467 3232 praedam
494 3145 667 3234 abigebant,
698 3169 736 3210 ex
759 3147 873 3224 insidiis
896 3151 1041 3220 irruentes
1065 3149 1192 3232 calcem,
1223 3153 1242 3213 i.
1260 3172 1285 3212 e.

167 3281 331 3335 extremum
358 3292 462 3358 agmen
483 3271 681 3337 recedentium
703 3272 852 3337 latronum
875 3275 1007 3338 cominus
1029 3273 1285 3360 aggrediebantur.

165 3395 335 3484 Legendum
359 3417 422 3461 esse
446 3417 512 3460 cum
528 3394 667 3462 Scheidio
692 3402 818 3502 mpii,
844 3399 941 3484 quivis
959 3399 1070 3464 critices
1086 3401 1199 3482 peritus
1216 3421 1287 3464 con-

165 3521 256 3586 cedet.
303 3519 378 3588 Nam
408 3535 511 3586 contra
540 3523 704 3610 analogiam
733 3535 824 3598 esset,
855 3524 880 3584 si
908 3519 1016 3585 Ashcri
1045 3526 1285 3588 commemoratio

164 3646 299 3734 praefixo
323 3654 352 3718 n
375 3649 525 3733 inciperet,
550 3669 643 3735 quum
660 3659 781 3712 cunctae
796 3644 893 3710 tribus
910 3667 980 3710 casn
1001 3658 1081 3711 recto
1098 3645 1284 3712 inducantur.

166 3770 361 3858 Quadruplex
383 3770 466 3837 verbi
489 3772 573 3836 lusus
596 3775 628 3836 in
650 3775 746 3859 prima
775 3772 906 3838 clausula
935 3773 1045 3858 optimc
1069 3775 1197 3837 concinit
1220 3795 1286 3838 cum

165 3893 329 3961 Jasbarano
353 3919 435 3962 more
459 3919 545 3984 quem
567 3895 724 3962 indubium
747 3897 821 3962 illud
843 3898 935 3983 hujus
951 3895 1019 3962 libci
1042 3900 1188 3984 specimen
1210 3896 1286 3962 insra

164 4019 318 4086 exhibebit
342 4017 375 4103 (2
393 4020 472 4087 Sam.
488 4021 510 4098 Ι,
528 4016 593 4105 20).
636 4022 687 4088 Ad
708 4043 770 4087 rem
794 4021 877 4108 quod
900 4024 1013 4097 attinet,
1038 4021 1171 4086 militaris
1196 4019 1286 4087 Gadi·

163 4159 261 4211 tarum
289 4147 355 4210 laus
384 4146 422 4210 ad
445 4144 604 4234 Jephtham
634 4145 808 4212 Gileaditam
838 4159 969 4234 spectare
996 4158 1112 4232 potest,
1144 4150 1286 4234 quiante

164 4270 332 4336 Simsonem
350 4271 448 4357 judex
469 4269 527 4336 suit
549 4274 625 4337 inter
646 4272 800 4338 Israelitas.
838 4270 899 4337 Sed
919 4269 1053 4359 profecto
1070 4271 1152 4336 haud
1174 4270 1284 4338 oblitus

163 4407 210 4460 cst
231 4409 322 4482 poeta
344 4409 446 4462 noster
468 4408 653 4484 quantopere
676 4396 811 4462 undecim
833 4397 875 4462 illi
900 4394 1073 4462 Gaditanum
1096 4397 1202 4464 heroes
1225 4397 1286 4464 Da-
