3172 5186
660 1413 967 1514 EXCURSUS
1002 1414 1075 1512 VI.

337 1862 389 1928 on
418 1860 656 1930 eeueuuera
683 1859 1023 1929 amarmurcauu
1052 1859 1269 1929 emanente
1291 1858 1398 1926 aruo

346 2016 348 2019 -
674 1986 878 2054 iaruman
907 1985 1060 2053 vunnu.

793 2109 836 2200 (p.
852 2109 940 2194 217).

312 2245 363 2358 N
365 2313 404 2356 en
430 2289 487 2356 fuit
513 2290 604 2378 hujus
628 2293 726 2378 operis
754 2290 923 2366 cerellium,
953 2301 988 2354 ut
1011 2292 1124 2365 omnia,
1148 2309 1223 2376 quae
1251 2288 1312 2353 ullo
1336 2299 1422 2375 pacto

313 2414 352 2480 ad
373 2414 565 2480 Jasharanam
588 2415 722 2503 syllogcn
739 2417 892 2502 ,pertinere
914 2427 1047 2502 possent,
1071 2436 1108 2480 ex
1132 2412 1230 2478 Sacris
1252 2411 1350 2478 Libris
1371 2434 1423 2476 ex·
1569 2475 1571 2480 .

312 2543 450 2628 piscarer,
474 2540 526 2606 scd
548 2552 583 2606 ut
604 2539 690 2604 talem
707 2541 927 2628 compingerem¹
944 2538 1154 2626 anthologiam,
1178 2560 1253 2624 quae
1275 2537 1314 2601 ad
1336 2557 1424 2625 argu-

312 2677 376 2730 tum
398 2664 472 2730 illud
493 2663 560 2730 libri
582 2667 676 2752 ipsius
699 2686 806 2729 nemen
829 2676 898 2751 apta
921 2676 1006 2739 essct,
1031 2676 1060 2730 et
1075 2685 1125 2729 ces
1148 2665 1319 2751 praesertim
1341 2661 1423 2726 locos

313 2789 563 2878 complecteretur,
588 2810 663 2877 quae
685 2809 776 2876 quum
799 2801 930 2854 veterum
954 2787 1183 2875 fragmentorum
1207 2790 1332 2874 speciem
1354 2807 1423 2873 prae

312 2931 343 2980 s'e
366 2913 483 2991 ferrent,
506 2917 547 2978 ita
569 2917 646 2979 iuter
668 2935 700 2978 se
723 2913 920 2989 cohaererent,
944 2925 978 2978 ut
1000 2913 1194 3001 septemplicis
1222 2912 1288 2977 libri
1312 2909 1424 2976 medul-

312 3039 369 3104 lam
403 3059 593 3126 normamque
626 3035 784 3124 probitatis
817 3012 956 3104 Iudaicae
989 3036 1143 3126 prodentis
1179 3050 1309 3102 tenorem
1344 3036 1422 3100 nulla

312 3161 527 3248 intercapedine
551 3160 716 3247 disruptum
740 3160 923 3226 conficerent.
954 3163 1055 3250 ltaque
1078 3162 1168 3227 multa
1191 3164 1284 3226 sciens
1304 3155 1423 3227 'voleus-

313 3306 371 3374 que
394 3285 509 3350 silentio
532 3288 729 3374 praetermisi,
753 3307 828 3374 quae
850 3286 934 3352 aliter
956 3286 1012 3352 sub
1036 3307 1158 3352 examen
1184 3289 1347 3374 potuissem
1369 3307 1424 3350 vo·

313 3432 387 3476 care.
424 3411 488 3476 Hae
509 3423 605 3476 tamen
630 3410 729 3475 oblata
752 3415 905 3477 occasione
927 3414 1099 3477 sententiam
1127 3431 1219 3476 meam
1243 3408 1279 3474 de
1301 3410 1425 3498 conglu-

312 3539 413 3602 tinatis
442 3536 499 3601 illi's
525 3534 606 3623 apud
627 3535 779 3602 Ieremiam
803 3533 956 3617 (XLVIII,
977 3533 1031 3600 45.
1053 3533 1115 3615 46)
1138 3534 1206 3600 lihri
1227 3533 1423 3600 Numerorum

314 3663 459 3749 excerptis
481 3682 542 3725 non
565 3658 709 3725 dubitabo
732 3659 873 3747 proferre.

401 3786 540 3852 JeremIas
566 3787 657 3860 culm,
681 3805 773 3872 quum
796 3782 886 3850 verba
912 3784 961 3848 illa
983 3783 1104 3849 BIIeami
1127 3781 1234 3864 (Num.
1245 3783 1356 3861 XXIV,
1370 3782 1424 3864 17)

314 3913 400 4000 quasi
431 3913 598 3976 memoriter
632 3908 778 3984 laudaret,
808 3912 849 3974 ita
878 3931 912 3974 ea
946 3930 1095 3994 anonymo
1123 3907 1286 3997 fragmento
1315 3906 1423 3988 (Nem.

314 4035 395 4114 XXI,
411 4034 465 4102 28.
481 4033 537 4116 29)
559 4036 725 4110 immiscuit,
749 4045 783 4102 ut
804 4055 841 4098 ex
863 4033 972 4120 duplici
996 4035 1133 4098 citatione
1155 4055 1242 4098 unam
1266 4033 1424 4099 clausulam

314 4159 449 4228 elliccret.
498 4160 531 4225 Id
560 4159 642 4247 quod
670 4162 779 4246 optIme
807 4157 976 4248 apparebit,
1005 4161 1030 4222 si
1062 4158 1143 4223 locos
1172 4162 1254 4246 ipsos
1285 4161 1327 4224 sic
1355 4179 1425 4224 con·

315 4285 432 4351 tendes:
