3166 5178
844 371 903 418 vul

318 560 412 608 versa
432 541 484 608 lex
506 545 539 608 et
560 538 734 626 prophetae
756 559 796 606 ex
817 537 940 606 dnobus
962 537 1003 607 iis
1025 539 1183 607 mandatis
1206 539 1372 626 pendeant,
1394 548 1432 610 ut

304 641 422 714 *Deum
449 646 655 732 hominesque
678 645 846 732 diligamus
868 643 997 730 (Madd.
1016 637 1125 732 XXII,
1144 645 1319 733 36-40),
1342 647 1431 714 Ohri-

319 761 386 822 stue
412 761 519 822 autem
549 755 655 823 omnia
676 755 719 822 ad
741 759 881 820 mutuam
909 752 1070 822 hominum
1093 755 1256 822 anunm
1276 755 1431 824 rettuderit

319 858 541 948 (Journaxln,
553 859 619 948 34),
642 861 722 929 ha'eo
743 861 857 928 eadem
879 860 950 927 libri
964 861 1134 930 Jasharani
1157 863 1306 948 doctrina,
1329 863 1363 929 in
1384 864 1431 930 ul.

318 970 396 1037 tima
411 969 476 1037 fere
490 972 606 1039 aetatis
622 967 816 1057 apostolicae
830 967 1000 1054 scriptione
1015 969 1145 1038 iteratur
1159 958 1430 1056 (lJocoo.IV,16),

318 1098 382 1161 qua
402 1098 565 1144 monemur
582 1079 686 1144 Deum
708 1096 781 1144 esse
803 1075 979 1162 caritatem,
1003 1082 1035 1144 et
1058 1098 1145 1163 eum,
1167 1078 1277 1161 quiin
1298 1078 1430 1146 cantate

317 1192 453 1271 maneat,
478 1185 510 1250 in
527 1185 597 1251 Deo
620 1204 748 1250 manere
771 1189 803 1250 et
816 1184 920 1250 Deum
942 1184 1077 1270 inipso.
1100 1184 1430 1263 Quamconsentauea

318 1293 359 1359 sit
386 1293 466 1360 haec
489 1291 631 1359 doctrina
653 1311 725 1357 cum
753 1291 864 1358 intima
891 1292 990 1358 animi
1016 1293 1116 1360 nostri
1143 1292 1263 1360 ratione
1289 1293 1430 1361 declarat

318 1400 509 1468 Graecorum
531 1398 800 1485 sapientissimus,
823 1419 897 1465 nam
912 1399 1010 1484 Plato,
1032 1419 1128 1482 quum
1149 1406 1294 1485 rogasset
1315 1396 1430 1489 (Lepos

317 1509 369 1594 IV,
388 1505 505 1594 uldel:
528 1511 574 1583 τίς
596 1501 656 1572 οὖν
678 1501 717 1591 δή
742 1506 857 1587 πρᾶξις
880 1506 957 1593 φίλη
979 1511 1034 1570 καὶ
1055 1499 1242 1582 οιίιόλονθος
1263 1507 1353 1594 &scip
1383 1527 1429 1574 re·

318 1615 454 1701 spondet
477 1615 552 1682 sibi:
575 1616 643 1699 μία,
665 1617 720 1678 καὶ
734 1614 792 1678 ἕνα
814 1611 911 1695 λόγον
932 1611 1050 1695 ἔχουσα
1065 1611 1211 1701 ἀρχαῖον,
1233 1614 1281 1680 ὅτι
1303 1615 1347 1704 τῷ
1368 1617 1428 1699 μὲν

316 1716 418 1810 ὅμοίφ
442 1718 478 1787 τὰ
494 1721 607 1808 ὅμοιον
629 1720 697 1786 ὄντι
718 1721 834 1806 μετρίῳ
850 1719 948 1807 φίλον
968 1723 1010 1786 ἂν
1024 1723 1083 1807 εἴη,
1105 1719 1146 1786 τὰ
1163 1721 1199 1786 di
1215 1717 1339 1807 ἄμετρα
1353 1717 1429 1788 οὔτε

318 1823 568 1915 α’λλήλοιςοῦτε
594 1837 660 1904 τοῖς
682 1827 853 1914 ἐμμέτροις.
883 1821 965 1914 ὁδοὶ
990 1824 1074 1906 Θεὸς
1099 1827 1175 1915 ἡμίν
1197 1825 1330 1896 πάντων
1350 1853 1428 1916 χρη-

317 1934 428 2021 μάτων
449 1939 566 2020 μέτρον
587 1937 629 1999 ἂν
651 1937 699 2020 εἴη
722 1929 875 2018 μάλιστα,
899 1939 953 1998 καί
980 1930 1063 2002 πολι)
1087 1935 1212 2019 μᾶλλον
1240 1937 1359 2024 ἦττον,
1385 1935 1429 2014 οἷς

318 2059 418 2130 φασιν
441 2041 641 2128 (Protagorei
669 2037 810 2128 nempe),
839 2036 1027 2128 ἄνθρωπος.
1050 2039 1107 2108 τὸν
1135 2040 1195 2116 οὖν
1221 2045 1266 2132 τῷ
1294 2039 1428 2130 τοιούτῳ

318 2149 480 2236 προσφιλῆ
496 2149 710 2236 γενησόμενον
724 2149 769 2225 εἰς
785 2148 922 2232 δύναμιν
945 2147 994 2214 ὅτι
1015 2145 1156 2234 μάλιστα
1177 2156 1231 2216 καὶ
1246 2145 1347 2218 αὐτὸν
1361 2174 1428 2218 τοι-

319 2262 416 2324 οῦτον
439 2256 618 2338 ἀναγκαῖον
634 2259 819 2336 γίγνεσθαι,
841 2260 895 2319 καὶ
917 2252 1000 2320 κατὰ
1017 2260 1132 2324 τοῦτον
1155 2254 1194 2344 δὴ
1211 2256 1268 2325 τὸν
1290 2257 1427 2340 λόγονὸ

318 2371 378 2451 μὲν
402 2365 543 2452 σοίφρων
565 2363 654 2450 ἢμῶν
675 2364 749 2450 Θεῷ
771 2362 874 2450 φίλος,
897 2362 1006 2448 ὅμοιος
1026 2365 1098 2447 γάρ,
1122 2359 1140 2429 d
1165 2365 1202 2431 δὲ
1222 2364 1265 2452 μὴ
1290 2366 1427 2453 σώφρων

191 2541 195 2557 ff
281 2515 284 2520 -
318 2467 474 2558 ἀνόμοιός
496 2496 530 2537 τε
551 2475 607 2536 καί
623 2469 782 2557 διάφορος
803 2474 858 2536 καί
878 2466 1005 2549 ἄδικος·
1029 2467 1138 2537 καὶτὰ
1153 2471 1232 2538 ἄλλ’
1248 2473 1329 2539 οὕτω
1345 2471 1425 2540 κατὰ

317 2577 375 2647 τὸν
390 2576 491 2647 αὐτὸν
506 2579 602 2661 λόγον
617 2577 691 2661 ἔχει.
713 2577 818 2663 Atque
834 2578 920 2646 idem
935 2578 1151 2665 philosophae,
1166 2600 1261 2663 quum
1276 2581 1317 2648 de
1332 2582 1429 2650 insita

316 2689 409 2774 hujus
432 2688 542 2755 mundi
563 2685 719 2774 pravitate
734 2692 864 2770 questus
887 2692 980 2770 esset,
1003 2687 1045 2754 ad
1068 2687 1190 2754 caelum
1211 2686 1301 2755 nobis
1322 2689 1428 2756 confu-

316 2795 466 2881 giendum
489 2815 560 2862 esse
584 2793 759 2860 existimat:
786 2789 1274 2877 circummanentem:
1299 2791 1349 2861 διὸ
1373 2802 1427 2861 καὶ

317 2903 493 2988 πειρᾶσθαι
504 2899 642 2967 ἐνθένδε
653 2898 753 2964 ἐκεῖσε
764 2897 897 2986 φεύγειν
912 2899 960 2967 ὅτι
974 2900 1120 2982 τάχιστα·
1133 2898 1219 2987 φιμοὶ
1233 2901 1269 2967 di
1280 2899 1427 2988 ὁμοίωσις

317 3011 391 3096 Θεῷ
417 3005 500 3074 κατὰ
522 3003 558 3073 τὰ
584 3007 738 3074 δυνατόν·
762 3001 911 3092 ὅμοίωσις
934 3008 971 3074 δὲ
994 3009 1121 3075 δίκαιον
1148 3013 1201 3072 καί
1229 3007 1320 3077 ὅσιον
1346 3006 1425 3094 perd

317 3118 500 3203 φρονήσεως
519 3117 683 3195 γενέσθαι.
706 3113 768 3192 Qui
788 3115 886 3200 igitur
903 3116 954 3182 vel
973 3116 1075 3202 primo
1091 3115 1182 3200 quasi
1197 3123 1311 3184 conatu
1332 3119 1428 3186 talem

317 3224 498 3308 doctrinam,
522 3243 580 3307 per
601 3241 638 3288 se
658 3222 865 3307 verissimam,
888 3243 928 3290 ex
950 3223 1178 3307 antiquissimis
1193 3223 1348 3291 iudaicae
1370 3225 1427 3292 rel-

315 3331 441 3417 ligionis
465 3329 660 3397 documentis
683 3329 854 3397 exhumare
877 3329 1058 3414 studuisset,
1081 3350 1153 3398 eum
1175 3330 1321 3399 crederes
1341 3331 1427 3418 apud

317 3459 425 3506 omnes
449 3458 546 3505 sanae
562 3443 752 3520 sanctaeque
771 3437 885 3504 mentis
900 3437 984 3504 viros
1007 3437 1148 3504 nonnihil
1171 3438 1232 3505 sibi
1246 3439 1367 3524 gratiae
1389 3460 1428 3506 ac

318 3547 434 3614 favoris
458 3545 651 3612 conciliasse.
679 3543 771 3622 Quod
794 3545 822 3610 si
844 3565 884 3610 ea
906 3565 957 3611 res
979 3544 1013 3609 in
1035 3544 1186 3611 invidiam
1207 3552 1350 3630 verteret,
1372 3567 1427 3632 pu·

316 3660 399 3720 tares
415 3673 492 3720 saue
507 3652 676 3719 hodiernos
698 3651 842 3718 homines
858 3651 890 3716 in
912 3652 1030 3719 usitata
1045 3652 1182 3735 quadam
1205 3653 1427 3741 superstitione

317 3762 517 3844 acquiescere
538 3759 641 3843 malle,
658 3778 753 3842 quam
767 3781 839 3826 eam
861 3759 1009 3845 amplecti
1029 3759 1224 3844 relligionem
1239 3781 1321 3844 quae
1335 3761 1427 3828 ratio

318 3869 423 3936 nalem
444 3869 507 3936 Dei
529 3868 646 3934 cultum
669 3886 740 3932 cum
762 3867 910 3933 universa
932 3867 1151 3934 benevolentia
1173 3868 1326 3936 conciliat.

383 3976 449 4043 Nec
468 3975 583 4042 desunt
602 3974 729 4041 criticae
744 3994 782 4040 ac
798 3973 968 4040 litterariae
983 3974 1129 4058 rationes,
1152 3975 1265 4058 quibus
1282 3975 1361 4044 haee
1376 3997 1427 4044 ve

316 4083 510 4151 tustissimac
524 4082 699 4168 scripturae
710 4081 895 4148 instauratio
906 4081 1031 4148 nitatur.
1052 4082 1087 4149 Si
1099 4082 1183 4150 enim
1194 4089 1317 4151 constat
1327 4083 1427 4151 tuisse

315 4192 428 4258 librum
442 4190 524 4279 Ἶςίξ,
545 4189 703 4266 latissima
717 4189 772 4254 illa
794 4189 930 4255 nominis
946 4189 1133 4274 significatio
1149 4197 1181 4258 et
1196 4190 1331 4258 diffusus
1354 4190 1427 4258 scri·

315 4297 432 4382 ptionis
455 4297 611 4383 ejusmodi
633 4296 779 4381 ambitus,
803 4315 892 4380 quae,
916 4316 1011 4380 quum
1038 4299 1142 4384 prima
1163 4305 1249 4368 esset
1270 4297 1427 4385 propheti-

316 4424 423 4471 carum
438 4405 614 4472 scholarum
629 4405 762 4490 soboles,
773 4404 880 4471 omnia
890 4405 1055 4490 probitatis
1067 4406 1245 4492 relligiosae
1256 4411 1427 4494 praecepta
