3160 5170
756 346 968 458 „ffl-

303 575 333 626 et
358 561 523 648 prophetae
545 555 585 642 (l‘
597 557 677 624 Sam.
693 555 779 635 XVI,
797 552 831 640 2)
860 577 916 644 pro
947 579 978 621 se
1006 559 1132 644 quisque
1155 557 1270 622 hostias
1292 553 1427 624 lehovae

303 685 480 752 mactabant.
526 684 577 750 Ad
599 705 695 748 arcam
717 681 845 748 foederis
869 682 1116 758 conservandam,
1147 682 1194 746 vel
1217 681 1355 746 Shilunte
1379 683 1427 745 vel
1462 667 1471 672 ’

303 810 447 897 Hylopoli
478 806 602 915 (ῦῆξῇ
631 803 744 913 ΠῘἿΡ)
775 807 820 870 vel
845 805 953 871 Gibeae
981 808 1029 871 vel
1058 805 1177 883 Nobac,
1214 807 1355 893 aliquem,
1391 818 1428 870 ut

304 933 436 1010 videtur,
466 936 640 998 nominatim
669 929 880 996 consecrabant
909 926 939 1011 (l
959 929 1039 995 Sam.
1052 931 1121 1008 Vll,
1139 927 1182 1013 8).
1228 931 1327 995 Etiam
1354 942 1428 1017 post

272 1042 281 1064 .
304 1057 446 1144 ternplum
469 1059 621 1124 conditum
645 1056 768 1122 Solomo
793 1055 953 1120 sacerdotis
978 1055 1076 1120 officio
1099 1055 1279 1143 fungebatur
1302 1051 1333 1136 (1
1349 1054 1425 1142 Reg.

303 1183 361 1260 IX,
379 1179 451 1265 25),
481 1196 511 1247 et
532 1183 652 1247 Levitae
674 1184 794 1246 nonnisi
816 1184 848 1244 in
871 1182 989 1246 servilia
1010 1177 1207 1266 ἱεροδούλων
1221 1175 1241 1265 ¹)
1265 1181 1428 1245 ministeria

306 1307 441 1371 advocati
469 1321 568 1384 erant,
598 1307 638 1370 ad
660 1305 813 1370 arbitrium
836 1309 914 1393 regis
939 1300 970 1387 (l
984 1306 1058 1394 Reg.
1075 1305 1114 1382 ll,
1132 1302 1203 1388 27),
1236 1318 1265 1370 et
1286 1327 1428 1370 nonnun-

306 1454 409 1519 quam,
433 1445 469 1497 ut
491 1432 681 1519 significatur,
705 1430 818 1516 abjecta
840 1443 1015 1518 paupertate
1037 1430 1172 1496 terebant
1188 1433 1279 1498 vitam
1298 1427 1328 1514 (l
1343 1429 1426 1496 Sam.

304 1557 343 1634 ll,
367 1553 432 1640 36).
481 1556 541 1621 Sed
570 1555 644 1621 ordo
669 1556 817 1622 leviticus
847 1555 885 1620 ad
912 1578 1056 1620 summam
1079 1556 1251 1644 dignitatem
1273 1555 1427 1644 paullatim

306 1696 425 1747 evectus
448 1694 510 1759 est3
533 1684 705 1768 praesertim
720 1684 752 1744 in
766 1703 857 1768 regno
872 1680 1017 1759 Judaeae,
1039 1680 1093 1746 ubi
1109 1695 1180 1769 post
1194 1681 1331 1747 Athaliae
1345 1703 1429 1746 mor·

304 1821 364 1872 tem
386 1811 490 1894 ingens
513 1829 612 1872 rerum
633 1809 823 1871 commutatio
839 1807 1009 1872 Levitarurn
1024 1805 1207 1871 ludaeorum
1222 1807 1335 1872 auxilio
1350 1805 1430 1871 sacta

307 1944 352 1996 est
376 1927 409 2012 (2
424 1931 603 2018 Paralipom.
619 1931 731 2009 XXIII,
748 1931 769 1996 2
785 1927 874 2019 sqq).
910 1930 971 1996 Nec
992 1945 1091 1998 manen
1114 1931 1276 1996 dominatio
1300 1931 1350 1996 illa
1366 1934 1429 2018 spi·

305 2057 398 2121 ritalis
422 2060 540 2142 penitus
564 2055 694 2121 adolevit
716 2056 810 2121 donec
831 2057 992 2135 Israelitae,
1022 2081 1039 2120 a
1060 2056 1229 2145 Babylonio
1253 2056 1358 2122 exsilio
1381 2078 1429 2122 re-

307 2185 401 2258 versi,
438 2180 608 2268 auspicibus
637 2181 712 2246 Esra
740 2182 863 2269 aliisque
898 2181 1130 2248 sacerdotalibus
1160 2185 1231 2247 viris
1259 2180 1428 2247 absolutam

307 2303 365 2370 sibi
392 2306 587 2370 hierarchiam
617 2309 844 2371 constituerunt.
890 2307 967 2372 Hinc
995 2307 1060 2372 illae
1088 2307 1258 2374 Levitarum
1288 2305 1428 2371 decumae

308 2443 477 2518 ceteraeque
507 2435 740 2519 praerogativae.
787 2432 863 2496 Hinc
891 2435 966 2497 ritus
996 2444 1026 2496 et
1054 2435 1235 2496 ceremoniae
1262 2443 1293 2496 et
1320 2430 1429 2495 Phari·

308 2578 443 2621 saeorum
463 2555 593 2644 sarrago.
629 2555 705 2621 Hine
723 2569 809 2621 aucta
824 2557 874 2620 illa
891 2570 920 2621 et
935 2560 1046 2644 passim
1063 2559 1217 2622 immutata
1232 2555 1429 2622 Pentateuchi

307 2681 407 2746 editio.
439 2681 538 2764 Quum
553 2694 651 2747 tamen
666 2703 702 2746 ne
719 2682 842 2746 evanida
858 2682 977 2770 quidem
992 2682 1082 2769 hujus
1099 2681 1256 2747 sacerdotii
1271 2693 1300 2746 et
1315 2681 1429 2746 hierar-

308 2807 389 2872 chiae
413 2809 538 2894 vcstigia
563 2809 594 2871 in
619 2805 789 2872 Solomonis
813 2808 940 2873 historia
961 2811 1160 2885 inveniamus,
1191 2807 1266 2872 nihil
1287 2804 1429 2893 prohibet

307 2934 466 3019 quominus
489 2943 571 2995 vates
588 2931 787 2997 Solomoncus
811 2946 921 3006 sortem
943 2935 1041 2996 minus
1062 2953 1237 3020 prosperam
1256 2931 1427 2997 Levitarum

308 3056 458 3122 sodalitati
481 3056 664 3122 attribueret.
709 3057 750 3122 Et
775 3058 903 3145 aliquam
926 3058 1022 3123 saltim
1043 3061 1167 3145 gratiam
1190 3057 1303 3123 scribae
1325 3056 1428 3121 Maso·

307 3182 419 3248 rethico
443 3180 552 3246 habere
576 3180 725 3259 debemus,
752 3182 835 3269 quod
857 3205 949 3270 quum
972 3182 1042 3246 exili
1064 3182 1190 3268 parodia
1211 3183 1302 3268 hujus
1323 3185 1428 3246 cantici

306 3306 401 3372 Musis
431 3305 664 3372 benedictionem
694 3309 889 3394 corrupisset,
924 3308 1004 3372 hune
1032 3319 1130 3374 tamen
1158 3307 1257 3373 locum
1284 3309 1428 3372 intactum

307 3431 443 3519 reliquit,
476 3445 511 3496 ut
538 3432 627 3497 nobis
655 3431 724 3497 inde
755 3411 900 3520 detegere
916 3453 1073 3520 possemus
1103 3434 1262 3498 insiticium
1284 3453 1427 3519 pannum,

309 3578 368 3644 quo
393 3558 483 3622 alium
504 3557 661 3624 Jasharani
683 3557 751 3622 libri
773 3557 983 3645 Fragmentum
1004 3569 1065 3622 tam
1087 3556 1201 3623 infabre
1225 3557 1411 3624 deformavit.

395 3681 461 3750 lam
484 3704 555 3746 vero
586 3705 604 3746 a
632 3683 826 3748 detestatione
856 3683 894 3747 ad
922 3681 1156 3748 benedictionem
1184 3695 1274 3770 poeta
1302 3705 1333 3748 se
1357 3705 1430 3748 con-

307 3809 405 3872 vertit.
451 3807 551 3893 Atque
565 3808 628 3872 hic
657 3807 776 3894 quidem
804 3811 845 3872 ita
867 3829 929 3874 rem
952 3811 1045 3896 gessit
1068 3806 1104 3874 G.
1120 3809 1158 3873 A.
1177 3807 1361 3886 Schumann,
1394 3821 1431 3874 ut

306 3935 459 3998 minimum
482 3932 554 3998 mihi
576 3954 682 4019 operae
698 3955 732 3996 ac
746 3931 857 3998 laboris
872 3933 1032 4020 reliquerit.
1068 3933 1153 3999 Vidit
1167 3936 1244 3998 enim
1259 3935 1317 4000 hoc
1332 3933 1430 4000 Judae

306 4061 497 4146 praeconium
520 4062 684 4124 necessario
709 4071 840 4144 spectare
864 4057 902 4123 ad
924 4057 955 4124 id
977 4071 1094 4146 tempus
1118 4081 1199 4147 »quo
1214 4057 1310 4124 Iudae
1330 4058 1430 4126 tribus

308 4206 423 4250 summo
446 4185 561 4270 imperii
585 4183 741 4272 splendore
763 4184 870 4250 llorere
894 4188 1005 4270 coepit,
1029 4207 1091 4272 quo
1115 4208 1133 4250 a
1156 4184 1259 4262 Saule,
1284 4185 1431 4273 eBenja·

384 4351 403 4418 ¹)
426 4349 549 4406 SlmtIiter
562 4348 650 4404 Cicero
670 4351 785 4404 nominat
802 4347 914 4418 (cluent.
927 4349 988 4416 XV,
1000 4347 1046 4419 4³)
1065 4352 1214 4405 »ministros
1228 4349 1347 4424 publicos
1360 4353 1431 4409 ldae·-

307 4445 349 4514 tis,
369 4463 480 4517 quorum
498 4451 561 4508 satia
580 4467 688 4520 maguus
707 4467 829 4506 numerus
848 4457 941 4516 esset«,
959 4459 990 4506 ut
1007 4449 1117 4504 civitatis
1132 4449 1193 4520 jura
1212 4459 1369 4521 oppeterent.
