3172 5186
512 1175 819 1278 EXCURSUS
854 1175 884 1274 l.
982 1203 984 1208 ·

166 1627 222 1698 DE
258 1627 470 1702 ELOHISTA
505 1630 661 1703 TOTIUS
697 1629 996 1704 PENTATEUCHI
1033 1629 1226 1704 EDITORE.

631 1765 679 1857 ir·
698 1767 764 1850 37.)
995 1759 1004 1772 '

143 1902 251 2012 Vetus
280 1947 409 2034 estjam
439 1959 468 2012 et
497 1947 669 2014 confirmata
697 1948 933 2015 doctissimorum
969 1947 1121 2014 hominum
1151 1951 1253 2036 opinio

142 2070 372 2138 Pentateuchum
396 2076 427 2138 in
450 2072 524 2138 duas
546 2077 733 2161 potissimum
762 2077 914 2162 portiones
938 2072 1029 2138 dividi
1053 2095 1157 2161 posse,
1181 2095 1255 2162 quas

142 2200 261 2262 nomina
282 2198 337 2264 Dei
360 2177 486 2308 Diffi}
509 2213 538 2265 et
560 2192 643 2306 iiiii}
666 2201 784 2266 alternis
810 2203 908 2286 posita
930 2203 970 2264 ita
994 2199 1196 2288 distinguunt,
1219 2211 1255 2266 ut

142 2321 286 2390 diversam
309 2323 468 2413 utrobique
491 2324 612 2392 editoris
629 2326 806 2414 diligentiam
830 2346 983 2413 agnoscas.
1006 2322 1074 2390 Non
1098 2337 1143 2389 est
1162 2325 1254 2411 hujus

13 2523 15 2544 p
142 2448 197 2513 loci
221 2462 273 2513 aut
296 2450 409 2514 consilii
432 2454 487 2516 mei
510 2452 634 2529 aliorum
664 2453 821 2516 sententias
845 2450 880 2514 de
904 2450 1103 2532 Mosaicorum
1126 2452 1177 2537 qui
1200 2471 1255 2514 vo·

141 2586 246 2640 cantur
271 2574 413 2640 librorum
443 2579 657 2664 compositione
680 2575 854 2662 dijudicarc3
878 2595 969 2663 quum
999 2576 1147 2673 tamenin
1170 2587 1254 2663 parte
1392 2586 1399 2598 ·

141 2703 235 2787 prima
256 2713 315 2768 tam
337 2701 543 2781 Eiohisticam,
567 2723 653 2790 quam
676 2701 885 2768 Jehovisticam
909 2701 983 2790 lapsi
1006 2701 1135 2765 hominis
1159 2699 1255 2764 histo-

140 2828 213 2891 riam
235 2829 438 2914 excerpserim‚
456 2851 563 2916 operae
586 2831 712 2917 pretium
730 2831 794 2904 erit,
811 2848 898 2915 quam
921 2825 1093 2892 brevissime
1108 2825 1255 2913 explicare

142 2950 213 3038 quid
237 2951 273 3016 de
295 2950 405 3040 duplici
428 2956 485 3019 ista
507 2954 698 3020 Pentateuchi
721 2956 841 3019 materia
864 2951 1052 3018 statuendum
1076 2971 1216 3016 censeam.

230 3075 262 3142 st
286 3061 522 3144 distributionem
551 3083 648 3167 operis
676 3083 753 3147 inter
774 3080 938 3146 Eiohistam
961 3091 991 3145 et
1011 3078 1194 3144 Jehovistam
1223 3079 1254 3142 in

144 3199 270 3284 Genesi,
290 3201 409 3299 ¹Exodo
431 3217 461 3269 et
482 3204 630 3271 nemeae
651 3207 697 3271 vel
725 3209 847 3272 strictim
871 3208 1073 3293 inspiciemus,
1098 3201 1180 3268 saciie
1203 3225 1254 3290 ap·

142 3327 256 3415 parebit
276 3343 451 3416 perpetuum
478 3333 654 3397 narrationis
677 3332 758 3396 filum
775 3330 926 3396 Eiohistae
948 3330 1121 3417 plerumque
1144 3328 1253 3402 deberi,

142 3455 183 3518 ita
207 3465 239 3518 ut
260 3459 367 3530 omnia,
384 3457 496 3520 etiamsi
510 3455 680 3522 dehovistae
698 3456 787 3521 verba
811 3455 955 3530 abessent,
972 3457 1034 3518 sine
1052 3454 1110 3519 ulia
1134 3454 1254 3539 majoris

142 3581 280 3646 momenti
308 3581 523 3669 intercapedine
546 3585 687 3647 continuo
711 3584 795 3669 quasi
824 3594 925 3647 tenore
949 3580 1144 3645 decurrerent.
1190 3577 1254 3644 Le-

141 3705 248 3770 viticae
277 3720 389 3783 autem,
419 3710 445 3770 si
476 3709 566 3772 trium
599 3708 794 3795 capitulorum
829 3706 1085 3794 interpolationem
1107 3706 1254 3786 exceperis

143 3825 239 3918 (capp.
252 3829 478 3910 XVllI-XX)‚
503 3853 591 3919 quam
615 3833 698 3898 aliam
723 3832 762 3898 ob
786 3853 917 3898 caussam
943 3829 1045 3919 (supra
1066 3852 1097 3918 p.
1113 3826 1193 3909 173)
1217 3827 1255 3892 ad

141 3955 416 4022 Deuteronomium
430 3957 533 4034 resero,
550 3971 633 4024 totus
655 3971 699 4023 est
715 3955 903 4024 Eiohisticus.
930 3957 970 4022 Et
979 3955 1255 4023 Deuteronomium

141 4094 253 4159 conus,
275 4086 377 4171 paucis
400 4087 553 4171 exemptis,
577 4107 593 4149 a
616 4073 769 4149 Jehcrista
792 4095 889 4152 totum
910 4081 1066 4170 profluxit.

229 4206 371 4296 Equidem
395 4231 413 4273 a
435 4213 537 4274 ceteris
561 4212 683 4284 criticis,
707 4212 757 4296 qui
782 4208 818 4273 de
842 4208 897 4272 hac
919 4229 950 4273 re
973 4206 1132 4272 scribentes
1152 4204 1255 4270 Eiohi-

39 4329 42 4338 ’
141 4343 214 4398 stam
230 4333 384 4400 Jehovista
400 4356 484 4422 quern
508 4335 675 4424 intelligunt
698 4337 894 4420 antiquiorem
912 4331 1106 4406 crediderunt,
1130 4351 1254 4417 prorsus

142 4457 295 4526 dissentio.
324 4457 398 4526 Nam
421 4459 496 4528 facili
521 4483 610 4550 opera
634 4484 678 4526 me
694 4459 964 4526 demonstraturum
987 4478 1074 4545 spero
1091 4455 1255 4523 Eiohistam

971 4577 1006 4635 2³
