3172 5186
829 347 906 424 884

312 565 466 650 coepisset,
490 581 523 626 se
537 559 637 626 aedem
659 559 736 626 iilam
760 557 971 635 habitaturum,
990 569 1019 623 et
1036 568 1222 624 versaturum
1243 559 1320 626 iuter
1334 556 1426 625 lass

312 689 387 762 titas,
403 707 499 772 neque
514 685 661 772 pupulum
678 705 765 752 suurn
780 702 911 769 uuquam
926 703 958 747 se
974 682 1160 749 deserturum
1170 677 1425 768 (iRepeeVldd).

311 811 350 876 Et
371 821 531 896 postquam
553 808 693 896 templum
716 807 790 873 iliud
809 805 977 874 absolverat
992 805 1127 883 Solomo,
1141 805 1256 872 Jchova
1272 826 1369 892 umero
1383 807 1429 870 sic

314 947 359 1000 est
381 925 526 998 allocutus
546 929 687 1018 (scapo
698 931 749 1008 tx,
766 928 824 1012 4)=
847 929 902 998 ‘Si
924 944 958 996 tu
980 930 1176 997 ambulaveris
1199 930 1238 996 ad
1259 929 1427 1018 exemplum

313 1057 435 1124 Doridis
457 1061 551 1145 petris
573 1059 618 1122 tui
641 1058 672 1120 in
695 1059 862 1144 integritate
881 1054 979 1122 cerdis
1002 1069 1032 1122 et
1052 1054 1202 1143 probitate
1217 1029 1428 1159 (ssffiijn

312 1178 428 1289 'iffi
451 1176 649 1260 etloum),
668 1201 861 1268 egoquoque
884 1179 1029 1246 stabiliam
1051 1202 1173 1269 reguum
1196 1193 1281 1246 tuum
1303 1183 1334 1246 iu
1360 1149 1429 1266 pem

312 1277 444 1394 potuum.
475 1305 564 1389 Quod
586 1309 612 1372 si
635 1326 690 1370 vos
713 1317 743 1371 et
764 1309 877 1393 posteri
899 1307 991 1371 vestri
1013 1327 1030 1368 a
1053 1327 1099 1372 me
1122 1303 1293 1381 defeceritis,
1316 1304 1428 1390 ejiciam

313 1453 368 1498 vos
391 1454 407 1496 e
434 1444 529 1508 terra,
553 1451 641 1517 quam
664 1429 751 1496 vobis
773 1428 856 1508 dedi,
881 1443 969 1517 atque
996 1430 1073 1495 hunc
1099 1429 1214 1510 aedem,
1239 1450 1327 1516 quem
1357 1429 1429 1496 mihi

313 1577 510 1632 sacrararum,
532 1553 723 1641 repudiabo«
753 1555 836 1619 Hauc
856 1554 912 1620 Dei
940 1557 1165 1640 promissionem
1188 1557 1219 1619 in
1240 1553 1357 1620 Neachi
1381 1555 1430 1620 hi·

314 1687 407 1751 storia
428 1683 511 1748 innui
534 1681 631 1766 quivis
655 1677 775 1744 viderit:
798 1677 839 1743 ibi
863 1682 938 1744 enim
961 1677 1118 1765 pollicetur
1137 1677 1252 1745 Jehuva
1272 1677 1364 1761 (Gen.
1375 1677 1428 1756 IX,

314 1806 438 1888 9‚11):
463 1804 526 1870 »un
555 1825 611 1891 ego
636 1801 722 1869 rubis
749 1805 937 1890 posterisque
960 1806 1065 1898 vestris
1093 1806 1254 1891 promitte,
1277 1825 1430 1895 uunquam

315 1955 370 2000 ros
393 1931 505 1996 diluvio
529 1932 560 1994 iu
588 1939 741 2014 posterum
764 1901 932 2013 correptum
955 1929 1017 1992 iris
1053 1928 1095 1994 Et
1119 1931 1325 2015 sempiternam
1352 1929 1430 1992 iiiam

314 2057 369 2123 Dei
391 2076 460 2142 erga
478 2052 624 2141 populum
638 2073 725 2118 suurn
740 2055 875 2139 gretiam,
899 2053 954 2116 etsi
970 2054 1173 2141 interruptam,
1197 2066 1294 2118 mmeu
1309 2073 1431 2118 revoca·

314 2180 403 2245 bilem
419 2199 492 2254 esse,
514 2189 548 2242 ut
570 2188 715 2263 perpetuo
732 2188 869 2252 maucrot,
891 2188 991 2262 aperto
1006 2175 1134 2243 declarat
1147 2177 1287 2244 ieremias
1303 2175 1429 2258 (XXXI.

315 2301 442 2393 2sqq.).
464 2305 566 2390 ltaque
589 2303 747 2388 promissio
763 2301 813 2366 ilia
835 2300 978 2374 diluvium
994 2297 1186 2366 Noaehauum
1209 2323 1362 2389 uunquam
1384 2324 1432 2370 rc·

316 2431 446 2498 diturum
470 2451 534 2494 esse
549 2449 567 2491 e
581 2426 695 2494 Jesaiee
710 2429 915 2496 continuatore
933 2427 974 2490 ite
988 2428 1140 2514 recipitur,
1156 2439 1191 2494 ut
1205 2427 1350 2515 significet
1363 2449 1431 2515 per·

315 2524 434 2644 petuam
457 2553 593 2628 tutelam,
618 2572 678 2638 que
699 2548 780 2616 Deus
802 2549 947 2616 israelitas
969 2549 1091 2618 foveret.
1127 2549 1202 2618 Nam
1228 2573 1362 2619 summus
1382 2551 1431 2620 itte

316 2691 398 2746 vetes
414 2678 517 2744 urbem
531 2675 587 2742 Dei
603 2673 736 2763 depingit
749 2687 889 2763 tauquam
906 2675 1094 2744 »derelictam
1116 2697 1249 2755 uxorem
1265 2677 1383 2744 ductam
1399 2681 1431 2746 iu

311 2807 479 2892 juventute,
496 2801 549 2869 sed
571 2812 676 2888 postea
697 2801 882 2888 repudiatam
898 2823 917 2874 a
933 2803 1059 2868 marito·
1074 2797 1123 2884 (ci.
1130 2800 1244 2870 Jercrn.
1255 2802 1368 2883 XXXI,
1382 2801 1429 2886 4),

317 2951 407 3018 quam
427 2941 524 2994 mmeu
547 2929 590 2992 sic
611 2926 726 2991 solatur
749 2923 904 3012 (L1V‚·8):

397 3103 428 3158 ln
449 3103 505 3158 irae
527 3099 699 3157 vehementia
719 3097 771 3155 tihi
790 3100 940 3175 paullisper
958 3117 1049 3158 meum
1071 3099 1198 3160 subtraxi
1218 3103 1341 3175 vultum;

396 3207 452 3266 Sed
472 3216 584 3264 aeterua
604 3205 747 3262 clementia
767 3206 810 3263 tui
829 3205 987 3278 miserebor,

397 3316 446 3374 Ait
466 3324 531 3374 tuus
552 3313 655 3374 vindex
674 3312 790 3372 Jehova.

396 3422 466 3483 Nam
487 3422 540 3481 hoc
560 3421 628 3478 mihi
648 3431 691 3479 est
709 3419 815 3480 Noachi
835 3439 932 3498 aquae,

398 3530 471 3596 Quas
488 3528 583 3605 juravi
603 3545 660 3586 uon
681 3528 798 3606 amplius
819 3546 983 3604 pervasurus
1006 3539 1115 3589 terram.

398 3636 444 3695 Sic
464 3653 538 3693 nune
555 3634 621 3710 juro
642 3653 697 3692 non
718 3633 844 3692 futurum
864 3653 932 3706 esse,

398 3743 484 3802 Utin
504 3753 532 3801 te
553 3742 727 3800 effervescam
749 3754 797 3800 aut
818 3751 845 3800 te
866 3743 988 3800 severius
1009 3743 1155 3820 increpem.

321 3926 418 4010 Quum
442 3924 525 3992 addit
547 3921 668 4008 (v.1t):
692 3923 738 3994 ·0
761 3927 859 4014 inops,
877 3925 1024 4012 procellis
1039 3945 1194 4008 monceau,
1217 3925 1433 3994 coeuolotimie

320 4073 459 4138 emere«,
484 4051 581 4138 quiris
604 4048 736 4128 viderit,¹
749 4071 837 4138 quam
866 4062 944 4116 arcte
971 4049 1043 4116 haee
1064 4072 1132 4116 curn
1159 4053 1319 4121 maritimae
1348 4049 1433 4120 tabae

320 4175 532 4264 significatione
559 4175 748 4253 cohaereaut;
773 4189 802 4241 et
824 4175 922 4242 verbis
945 4179 1051 4279 Πρῃ]
1072 4151 1130 4248 &²7
1155 4174 1280 4244 fortasse
1301 4178 1433 4264 respexit

321 4313 402 4368 retes
425 4300 463 4366 ud
485 4300 604 4366 alteram
627 4303 753 4366 nominis
777 4299 928 4366 Noaehaui
951 4280 1170 4389 etymologiam.

410 4423 536 4491 Constat
557 4448 627 4516 ergo
647 4439 802 4513 utramque
816 4423 929 4491 Noaehi
953 4428 1138 4505 mentionem,
1161 4447 1236 4518 quac
1258 4425 1339 4514 apud
1359 4447 1433 4513 pro·
