3166 5178
839 357 886 428 14

304 567 344 628 ita
365 567 484 650 penitus
507 563 657 628 delossum
681 563 797 630 delituit
818 577 916 630 tamen
938 585 1059 640 aurum,
1088 564 1171 652 quod
1193 564 1420 652 indagatoribus

302 691 458 754 immensas
482 688 599 753 divitias
624 689 835 777 suppeditabit.

690 1141 951 1219 CAPITULUM
977 1142 1029 1216 lll.

303 1312 388 1372 Sacra
401 1313 490 1372 Biblia
510 1315 657 1372 immutata
678 1315 879 1390 quadamtenus
899 1313 990 1372 forma
1003 1314 1039 1372 ad
1054 1332 1105 1372 nos
1120 1312 1327 1385 descenderunt,
1349 1331 1419 1388 quae
1500 1334 1504 1340 ·

694 1433 787 1480 tamen
807 1423 917 1480 restitui
936 1422 1034 1498 possit.

809 1575 915 1584 ..-.-.-...-

393 1682 492 1765 Quum
514 1685 607 1770 igitur
621 1687 652 1748 in
674 1683 762 1748 rebus
786 1686 907 1748 maximi
929 1685 1085 1759 momenti,
1110 1703 1186 1769 quae
1207 1685 1237 1746 in
1253 1684 1352 1770 aprico
1369 1681 1420 1748 de·

301 1805 413 1870 bebant
434 1827 512 1883 esse,
544 1810 574 1870 in
596 1806 828 1893 Apostolorum,
855 1811 906 1894 qui
928 1807 1085 1895 Episcopis
1108 1811 1313 1872 auctoritatem
1334 1829 1420 1894 prae-

302 1929 448 2006 buerunt,
478 1929 648 1994 nominibus
679 1931 859 2018 digerendis,
890 1935 921 1995 in
944 1927 1148 2008 ἀναστάσεως
1169 1935 1344 1996 testimoniis
1368 1954 1420 1998 ex·

303 2055 471 2140 plorandis,
505 2077 522 2118 a
557 2054 665 2141 quibus
699 2055 772 2119 fides
806 2068 911 2119 nostra
943 2055 1105 2143 dependet,
1140 2079 1219 2121 mera
1251 2059 1419 2143 interpretis

304 2178 455 2266 diligentia
490 2178 630 2265 quiddam
665 2180 820 2266 explorare
856 2188 959 2267 queat,
997 2181 1079 2276 quod
1106 2179 1258 2267 prioribus
1286 2180 1419 2245 nondum

304 2303 451 2380 suboluit,
482 2317 511 2368 et
538 2304 649 2392 largior
672 2305 887 2390 explanationis
918 2327 1000 2392 seges
1030 2304 1066 2368 ab
1090 2305 1308 2392 antiquioribus
1337 2304 1419 2368 libris

304 2431 416 2516 sperari
438 2450 493 2515 par
516 2432 563 2506 sit,
589 2432 723 2515 sequitur
746 2430 801 2494 alia
825 2429 1021 2494 consideratio
1045 2451 1137 2517 eaque
1159 2432 1342 2517 gravissima.
1375 2425 1419 2492 Ne

239 2535 248 2547 ’
303 2556 334 2618 in
349 2552 436 2617 Novo
457 2552 576 2639 quidem
593 2554 792 2632 Testamento,
817 2554 927 2620 nedum
941 2557 974 2618 in
988 2557 1113 2620 vetustis
1128 2553 1311 2619 ludaeorum
1326 2552 1418 2630 libris,

303 2681 481 2764 primitivam
496 2678 608 2764 ubique
624 2679 812 2766 possidemus
828 2693 858 2744 et
872 2683 1073 2744 intemeratam
1088 2681 1281 2765 scriptionum
1296 2677 1419 2746 sormam

304 2823 338 2864 ae
371 2804 529 2865 materiem.
583 2802 617 2866 ln
650 2803 799 2890 plerisque
831 2773 917 2868 Pauli
952 2816 1174 2890 ceterorumque
1203 2802 1419 2889 Apostolorum
1455 2888 1458 2893 g

303 2925 446 3010 Epistolis
480 2949 542 2990 non
573 2940 618 2991 est
647 2949 700 2992 eur
728 2933 913 3015 suspicemur
942 2927 1104 3014 quidquam
1131 2930 1317 2992 immutatum
1345 2949 1418 2991 esse.

303 3049 403 3114 Pauca
424 3052 455 3113 in
477 3048 553 3114 libro
569 3050 724 3130 Actorum,
747 3056 925 3140 paucissima
947 3055 978 3117 in
996 3052 1157 3139 Evangelio
1174 3050 1298 3116 Joannis
1320 3073 1420 3116 reeen-

303 3177 409 3238 tiorem
431 3197 550 3240 manum
571 3177 715 3264 produnt.
746 3176 807 3242 Sed
828 3181 905 3242 inter
921 3199 1021 3242 omnes
1038 3180 1163 3242 sanioris
1181 3175 1286 3262 judieii
1303 3179 1419 3241 eritieos

305 3311 421 3362 constat
444 3299 537 3365 Marci
566 3302 721 3366 historiam
749 3305 780 3367 in
808 3301 866 3366 fine
893 3303 1027 3366 mutilam
1055 3323 1135 3379 esse,
1164 3302 1261 3368 Lunae
1289 3301 1419 3366 libellum

304 3421 478 3511 farraginem
502 3447 565 3490 esse
589 3447 677 3512 quarn
700 3449 717 3490 a
740 3425 864 3492 diversis
886 3426 1012 3492 testibus
1028 3438 1180 3492 mutuatus
1196 3429 1250 3503 sit;
1274 3437 1303 3490 et
1318 3428 1342 3490 si
1358 3447 1421 3490 non

182 3565 189 3582 ¹
304 3551 375 3612 satis
399 3563 552 3635 appareat,
585 3563 686 3614 utrum
709 3551 802 3616 Marci
826 3553 965 3638 synopsis
989 3571 1064 3637 quae
1087 3553 1119 3615 in
1141 3573 1229 3616 usum
1250 3550 1420 3615 Romanen-

305 3676 380 3736 sium
404 3677 577 3739 concinnata
600 3678 647 3752 sit,
673 3697 776 3740 eorum
797 3676 898 3762 lingua
914 3697 951 3740 an
968 3673 1078 3740 Graeca
1092 3677 1230 3761 primitus
1246 3679 1285 3740 sit
1299 3678 1418 3763 scripta,

303 3819 389 3861 nemo
414 3767 625 3886 dubitat⁹quin
640 3799 784 3865 Matthaei
807 3799 1004 3876 adumbratio,
1030 3801 1124 3887 qualis
1148 3800 1186 3864 ad
1205 3821 1259 3864 uos
1275 3803 1418 3886 pervenit,

303 3920 441 3988 Aramaei
470 3926 509 3988 sit
535 3923 603 3987 libri
627 3936 744 3988 vetusta
771 3927 802 3989 in
826 3923 969 3988 Graecum
992 3946 1156 3990 sermonem
1177 3925 1342 3988 translatio.
1387 3922 1420 3988 ld

304 4048 414 4112 seilicet
440 4070 501 4111 uno
531 4070 582 4112 ore
612 4046 758 4113 affirmant
780 4049 888 4134 Papias
913 4044 1007 4135 (apud
1027 4047 1137 4114 Euseb.
1161 4048 1199 4114 H.
1222 4049 1256 4114 Ε.
1278 4049 1331 4125 lll,
1353 4043 1417 4130 39),

302 4171 439 4237 Irenaeus
464 4166 580 4253 (eontra
601 4171 721 4236 Haeres.
738 4172 789 4249 Ill,
816 4170 849 4250 l;
872 4195 923 4260 pp.
943 4170 1015 4250 173,
1036 4169 1127 4255 174),
1161 4171 1302 4260 Origenes
1327 4167 1420 4259 (apud

302 4295 411 4360 Euseb.
428 4296 466 4360 H.
482 4295 517 4360 Ε.
530 4297 587 4373 Vl,
605 4292 671 4379 25),
694 4295 843 4362 Eusebius
859 4293 909 4379 (H.
926 4297 960 4362 Ε.
973 4297 1025 4375 ΙΠ,
1043 4296 1096 4364 24.
1122 4296 1242 4380 Quaest.
1259 4297 1297 4362 ad
1311 4297 1418 4362 Mario.

303 4441 351 4507 ap.
367 4421 440 4486 Maii
461 4418 571 4507 Seript.
588 4433 646 4488 vet.
662 4444 734 4488 nov.
751 4421 862 4490 oolleet.
881 4421 967 4490 Tom.
984 4423 1005 4500 l,
1029 4444 1059 4508 p.
1077 4417 1143 4506 64),
1168 4436 1198 4488 et
1219 4421 1419 4509 Hieronymus
