3152 5160
517 281 519 286 ’
621 327 826 437 ,ου-

283 597 286 602 .
344 536 428 601 Dixit
450 536 596 600 Dominus
621 557 657 600 ex
680 535 849 601 Basanitide
872 535 1010 602 reducam
1033 559 1094 614 eos,

342 660 491 727 Reducem
515 683 567 726 eos
591 683 629 726 ex
651 661 803 748 profundo
826 666 925 727 maris.

161 786 251 872 Quod
280 786 318 851 ad
344 787 438 853 Mosis
468 789 567 853 tedam
596 791 714 866 attinet,
745 791 817 852 satis
847 790 902 852 erit
923 787 993 852 Julii
1018 785 1152 854 Caesaris
1180 787 1278 854 verbis

160 912 281 989 dixisse,
306 912 393 992 illam,
418 935 479 978 non
502 915 592 980 modo
614 913 754 992 infantem
769 913 894 991 Mosem,
919 912 971 978 sed
987 915 1073 979 etiarn
1089 917 1118 978 in
1134 937 1169 980 eo
1185 927 1278 980 totam

158 1037 356 1104 Israelitarum
378 1053 495 1128 gentem
518 1042 671 1128 ipsiusque
693 1039 829 1104 fortunas
852 1040 967 1105 vehere.

250 1163 362 1231 Deinde
390 1165 550 1243 israelitae,
580 1169 657 1230 sicut
684 1163 838 1244 Noachus,
875 1187 928 1252 per
956 1168 1044 1230 maris
1072 1164 1196 1242 fluctus,
1227 1167 1277 1252 qui

158 1293 267 1377 impios
292 1311 393 1356 omnes
415 1290 510 1356 refluo
535 1303 619 1355 aestu
642 1290 869 1379 absorpserunt‚
894 1303 992 1356 tutum
1015 1295 1071 1356 iter
1092 1293 1277 1355 invenerunt.

157 1415 259 1504 Atque
281 1429 317 1481 ut
338 1414 488 1494 Noachus,
513 1438 577 1481 cum
602 1415 710 1481 familia
733 1439 796 1494 sua,
821 1419 920 1482 omnia
943 1417 1076 1482 animalia
1096 1414 1276 1502 reportabat,

158 1544 200 1605 ita
221 1541 368 1606 israelitae
392 1563 511 1630 quoque
539 1563 576 1606 ex
599 1541 739 1631 Aegypto
768 1542 914 1631 fugientes
943 1565 1046 1631 greges
1077 1564 1148 1607 suos
1179 1563 1276 1605 secum

158 1665 287 1755 agebant
308 1691 345 1732 ne
368 1667 480 1755 ungula
504 1667 621 1755 quidem
645 1668 745 1733 relicta
768 1665 885 1751 (Exod.
902 1668 942 1746 X,
959 1663 1029 1750 26).

248 1793 398 1881 Denique,
428 1806 463 1858 ut
492 1797 673 1882 comparatio
702 1793 841 1862 haee.ad
870 1795 1047 1858 examussim
1073 1791 1275 1870 concludatur,

157 1941 195 1984 ne
211 1922 326 1983 numeri
345 1919 473 2005 quidem,
498 1923 550 2006 qui
568 1923 598 1984 in
614 1919 690 1986 hanc
705 1923 903 1985 narrationem
918 1918 1120 1998 inferciuntur,
1146 1943 1162 1983 a
1176 1919 1276 2006 templi

158 2044 269 2108 conditi
295 2045 489 2134 chronologia
512 2058 665 2134 ceteraque
680 2045 875 2111 Israelitarurn
898 2046 1024 2111 historia
1041 2067 1166 2133 prorsus
1190 2044 1277 2108 dissi-

158 2169 238 2234 dent.
287 2168 388 2253 Qualis
418 2171 490 2236 mihi
521 2171 711 2259 computandi
739 2173 816 2236 ratio
846 2171 1018 2236 satisfecerit
1046 2175 1076 2235 in
1098 2169 1276 2258 Fragmenta

156 2297 225 2382 ipso
238 2294 448 2360 constituendo
465 2295 604 2361 exhibere
620 2310 743 2362 conatus
759 2320 834 2362 sum.
857 2295 918 2362 Nec
929 2297 1000 2362 aliae
1011 2299 1140 2361 rationes
1154 2295 1275 2373 desunt3

156 2441 226 2484 nam
248 2443 389 2485 numerus
413 2435 620 2486 sexcentorum
644 2445 798 2500 annorum,
824 2425 875 2510 qui
898 2419 1012 2486 Noachi
1035 2421 1112 2486 vitae
1134 2420 1277 2486 tribuitur

158 2540 251 2627 (Gen.
268 2545 335 2624 Vll,
354 2544 383 2612 6.
405 2545 486 2626 Vlll,
507 2543 581 2630 13),
612 2560 742 2640 spectare
771 2559 885 2635 potest,
918 2569 956 2613 cx
982 2546 1105 2634 losephi
1134 2550 1276 2612 sententia

158 2664 276 2751 (contra
291 2671 438 2759 Apionem
452 2673 486 2751 ll,
504 2669 547 2756 2),
572 2672 611 2737 ad
629 2695 783 2738 numerum
800 2695 954 2751 annorum,
979 2675 1030 2760 qui
1046 2675 1123 2738 inter
1136 2671 1276 2737 Exodum

158 2809 188 2861 et
215 2798 318 2885 templi
347 2795 575 2870 aedificationem
605 2798 833 2865 intercedebant.
886 2799 939 2864 Ait
962 2802 1052 2865 enim:
1082 2795 1277 2880 ὃΣολομῶυ

158 2914 346 3009 ᾠκοδόμησε
377 2919 436 2990 τὸν
467 2921 551 2990 voto
580 2919 661 3010 perol
691 2919 727 2989 cd
757 2923 907 3004 ἐξελθεῖν
934 2923 971 3004 ἐξ
1000 2923 1167 3006 Αἰγύπτου
1201 2917 1277 3000 τους

153 3040 331 3124 Ἰουδαίους
360 3048 487 3114 δώδεκα
516 3053 570 3114 καὶ
599 3049 776 3130 ἑξακοσίοις
813 3047 915 3118 ἔτεσιν
944 3050 1088 3139 ὕστερον.
1137 3050 1216 3115 Idem
1246 3053 1276 3114 iu

156 3173 307 3262 Antiquit.
322 3173 436 3253 Vlll,3
460 3197 554 3242 annos
572 3175 682 3242 uxcfl
705 3189 865 3266 computat.
900 3177 943 3243 lta
968 3190 1004 3242 ut
1025 3197 1147 3242 numero
1172 3188 1275 3240 exacto

157 3297 210 3365 DC
235 3299 332 3365 scriba
353 3312 456 3367 noster
477 3303 654 3368 intellexerit
683 3302 759 3368 hanc
782 3303 969 3391 quorundam
992 3303 1173 3368 ludaeorum
1196 3323 1278 3367 com-

157 3429 358 3514 putationem,
390 3449 465 3515 quae
494 3429 622 3494 medium
646 3441 726 3496 tenet
747 3431 824 3493 inter
847 3429 924 3494 duos
947 3453 964 3494 a
986 3427 1118 3514 Josepho
1142 3427 1276 3513 prolatos

158 3571 304 3617 annorum
326 3575 476 3618 numeros
518 3553 586 3620 Alia
610 3557 802 3641 computatio,
826 3575 915 3641 quam
938 3566 1039 3620 textus
1062 3551 1276 3617 masorethicus
1391 3628 1395 3636 ,

159 3674 174 3742 l
192 3676 268 3766 Reg.
284 3677 366 3756 Vl,l
385 3692 503 3744 secutus
520 3693 572 3760 est,
590 3703 703 3768 nempe,
722 3701 815 3744 annos
833 3675 1065 3747 CCCCLXXX
1080 3679 1196 3767 elapsos
1213 3697 1276 3742 esse

156 3815 228 3890 post
249 3803 404 3883 Exodum,
435 3827 526 3893 quum
556 3806 641 3872 aedes
664 3805 795 3870 dehovae
824 3819 929 3894 coepta
951 3820 1011 3885 est,
1043 3829 1080 3872 ex
1103 3777 1216 3871 summe
1239 3802 1276 3868 ad

157 3927 311 3995 arbitrium
327 3929 451 3996 conficta
467 3932 585 4020 pendet.
621 3929 696 3996 Nam
713 3929 946 3999 CCCC.LXXX
961 3931 1107 4020 adaequat
1120 3951 1275 4012 numerum

155 4054 423 4144 quadragenarium
454 4057 610 4124 duodecies
634 4061 787 4140 iteratum3
817 4081 957 4126 uumerus
986 4072 1083 4124 autem
1113 4054 1276 4144 quadrage·

153 4185 271 4259 narius,
302 4196 338 4248 ut
367 4183 505 4250 omnibus
533 4183 698 4250 Hebraistis
727 4196 832 4250 notum
861 4197 919 4263 est,
950 4205 1044 4272 vagus
1068 4195 1113 4247 est
1134 4202 1275 4246 numerus

153 4328 290 4394 magnam
314 4308 442 4397 aliquam
464 4309 661 4397 pluralitatem
686 4310 845 4389 denotans3
869 4321 899 4374 et
913 4310 1003 4372 variis
1027 4309 1207 4395 argumentis
1225 4306 1276 4369 de-

154 4438 334 4500 monstravit
360 4435 486 4523 Lepsius
518 4431 734 4525 (Chronologie
764 4436 815 4502 der
840 4434 995 4524 Aegypter
1021 4455 1090 4522 pag.
1108 4427 1172 4500 336
1196 4427 1275 4520 sqq.)
