3160 5170
691 359 765 432 157

324 567 325 579 ’
349 566 393 634 Nc
416 568 537 656 quando
559 569 608 634 Ille
632 571 778 634 irascatur
799 582 887 657 teque
910 593 926 635 e
949 569 1053 636 tellure
1076 573 1229 658 exstirpet.

164 708 328 764 neutunue]
350 692 395 758 Ne
411 706 521 760 tentate
535 693 681 761 Jehovam
696 695 792 762 Deum
807 707 954 774 vestrum,
978 697 1056 761 sicut
1069 699 1205 761 tentastis
1220 717 1286 760 cum

753 821 785 885 in
806 821 874 887 loco
896 824 1077 888 tentationis.

279 959 327 1014 [1⁷]
350 943 411 1010 Sed
435 943 562 1012 observa
583 957 740 1034 praecepte
761 943 907 1024 deheres,
933 958 963 1011 et
983 947 1153 1012 testimonia
1175 957 1204 1011 et
1226 957 1286 1010 sta-

752 1083 819 1136 tuta
840 1070 895 1136 tibi
920 1071 1040 1150 radim,

279 1211 327 1265 [ιε]
350 1195 390 1260 Et
411 1194 458 1260 sec
480 1195 511 1260 id
534 1194 617 1284 quod
638 1192 765 1278 {trohtin
789 1209 885 1262 estet
907 1193 1018 1264 hunul!
1041 1217 1140 1262 eoram
1161 1195 1284 1274 dehere,

348 1319 390 1386 Ut
410 1319 484 1412 hene
508 1323 548 1385 sit
569 1321 625 1386 tibi
642 1335 671 1386 et
684 1325 836 1409 ingressus
852 1322 1005 1409 possideas
1020 1335 1128 1387 terram
1145 1296 1285 1409 optimam

350 1445 445 1529 Quam
468 1445 584 1511 Jchova
602 1446 798 1533 jurejurando
821 1447 957 1534 patribus
980 1451 1040 1513 tuis
1062 1450 1201 1534 promisit
1214 1441 1245 1530 ¹).

181 1589 262 1631 tto-ss.
279 1581 329 1644 [eol
352 1569 451 1654 Quum
467 1584 565 1636 autem
579 1571 658 1637 filius
674 1585 745 1637 tuus
762 1574 890 1636 crastino
901 1585 1034 1659 tempore
1045 1575 1284 1660 interrogaverit:

351 1696 431 1780 Quid
454 1695 511 1763 sibi
527 1697 633 1762 volunt
655 1700 824 1763 testimonia
846 1697 919 1762 haee
941 1710 971 1761 et
993 1709 1104 1762 statute
1126 1710 1156 1762 et
1173 1697 1286 1783 judicia

350 1820 432 1904 Quae
454 1825 604 1909 praecepit
625 1822 713 1888 nohis
736 1821 852 1888 dehova
873 1822 955 1887 Deus
977 1821 1103 1888 noster?

278 1961 328 2017 [²11
353 1947 431 2012 Tum
447 1946 656 2034 respondebis:
674 1947 761 2014 Servi
776 1969 892 2014 eramus
906 1948 1072 2013 Pharaonis
1087 1950 1118 2013 in
1132 1948 1283 2037 Aegypto,

350 2071 411 2137 Sed
433 2072 548 2138 Jehova
571 2095 627 2138 nos
650 2073 719 2138 inde
742 2095 832 2140 manu
853 2074 952 2140 valida
974 2073 1092 2152 eduxit,

277 2213 327 2269 [set
351 2197 492 2286 Petitque
520 2201 552 2264 in
573 2198 714 2288 Aegypto
744 2203 828 2288 signa
856 2212 945 2288 atque
966 2199 1106 2288 prodigia
1126 2221 1234 2288 magna
1256 2212 1285 2264 et

751 2346 840 2388 saeva

350 2444 463 2514 Contra
490 2449 676 2514 Pharaonem
704 2468 878 2534 omnemque
911 2446 1031 2512 domum
1060 2448 1123 2534 ejus
1152 2450 1183 2512 in
1214 2471 1284 2513 con·

752 2583 856 2660 spectu
877 2585 993 2637 nostro.

277 2712 327 2768 tte]
350 2698 390 2764 Et
412 2698 517 2764 eduxit
538 2721 594 2764 nos
618 2698 701 2776 inde,
725 2711 761 2764 nt
782 2698 959 2764 introductis
984 2697 1210 2778 damtunam,

349 2821 445 2907 Quam
463 2825 661 2911 jurejurando
683 2823 819 2912 patribus
842 2827 954 2889 nostris
976 2826 1124 2911 promisit.

275 2963 325 3019 [stt
348 2949 503 3037 Praecepit
530 2971 601 3039 ergo
630 2949 718 3016 nohis
741 2949 871 3029 debora,
901 2962 937 3016 ut
959 2962 1071 3016 statuta
1091 2950 1164 3016 hece
1187 2951 1285 3016 omnia

752 3061 958 3165 exsequamur,

346 3199 386 3266 Et
407 3203 562 3267 timeamus
584 3201 729 3266 dehoram
751 3201 847 3268 Deum
871 3215 1024 3280 nostrum,

348 3324 389 3392 Ut
410 3325 485 3393 hene
507 3329 547 3392 sit
568 3325 656 3392 nohis
680 3339 769 3417 atque
791 3341 827 3394 ut
848 3327 1009 3394 incolumes
1033 3329 1183 3404 vivamus,
1208 3329 1285 3390 sicut

750 3451 850 3517 hodie.

275 3591 325 3647 [eet
348 3575 424 3642 hlud
446 3597 517 3642 vero
540 3573 715 3654 uetustius
736 3577 825 3642 nohis
847 3574 1044 3664 reputabitur,

347 3699 381 3766 Si
405 3701 624 3768 observerimus
647 3713 677 3769 et
697 3701 852 3768 fecerimus
877 3705 976 3768 omnia
997 3701 1070 3767 haee
1091 3715 1248 3790 praccepta

346 3824 453 3893 dorent
474 3825 597 3894 dehott
620 3831 698 3894 sicut
718 3829 768 3894 ifle
790 3825 879 3894 nohis
901 3832 1059 3918 praecepit.

163 3953 376 3966 fi——n--n—

239 4018 258 4085 ¹)
283 4013 364 4071 omisi
382 4037 407 4074 v.
421 4016 464 4086 19,
484 4021 543 4091 quie
562 4020 592 4075 de
611 4022 743 4076 nationum
762 4023 934 4077 internecione
952 4039 984 4076 ne
999 4022 1105 4078 verbnm
1119 4020 1221 4092 quidem
1240 4037 1283 4092 ap-

161 4123 234 4186 paret
252 4115 279 4167 in
297 4116 470 4186 promissione
489 4116 588 4184 divine,
609 4127 734 4190 quatenus
753 4121 908 4192 patriarchae
925 4120 975 4192 ipsi
987 4119 1037 4174 tale
1050 4120 1206 4191 promissum
1219 4120 1283 4172 teci-

160 4214 262 4286 pientes
280 4213 450 4282 inducuntur3
469 4213 502 4270 ef.
521 4217 595 4272 etiam
613 4235 657 4274 vv.
670 4216 712 4285 10,
725 4215 769 4275 23.

620 4422 831 4437 anm-un..—
