<?xml version="1.0" encoding="UTF-8"?>
<!DOCTYPE html PUBLIC "-//W3C//DTD XHTML 1.0 Transitional//EN"
    "http://www.w3.org/TR/xhtml1/DTD/xhtml1-transitional.dtd">
<html xmlns="http://www.w3.org/1999/xhtml" xml:lang="en" lang="en">
 <head>
  <title>
</title>
<meta http-equiv="Content-Type" content="text/html;charset=utf-8" />
  <meta name='ocr-system' content='tesseract 3.04.00' />
  <meta name='ocr-capabilities' content='ocr_page ocr_carea ocr_par ocr_line ocrx_word'/>
</head>
<body>
  <div class='ocr_page' id='page_1' title='image "./jasharfragmenta00donagoog_0018.png"; bbox 0 0 3166 5178; ppageno 0'>
   <div class='ocr_carea' id='block_1_1' title="bbox 678 401 714 446">
    <p class='ocr_par' dir='ltr' id='par_1_1' title="bbox 678 401 714 446">
     <span class='ocr_line' id='line_1_1' title="bbox 678 401 714 446; baseline 0 0"><span class='ocrx_word' id='word_1_1' title='bbox 678 401 714 446; x_wconf 84' lang='lat' dir='ltr'><strong>lX</strong></span> 
     </span>
    </p>
   </div>
   <div class='ocr_carea' id='block_1_2' title="bbox 136 566 1252 1192">
    <p class='ocr_par' dir='ltr' id='par_1_2' title="bbox 136 566 1252 1192">
     <span class='ocr_line' id='line_1_2' title="bbox 136 566 1252 656; baseline -0.002 -20"><span class='ocrx_word' id='word_1_2' title='bbox 136 568 417 655; x_wconf 72' lang='lat' dir='ltr'><strong>complectebatur,</strong></span> <span class='ocrx_word' id='word_1_3' title='bbox 441 573 473 634; x_wconf 90' lang='lat' dir='ltr'><strong>et</strong></span> <span class='ocrx_word' id='word_1_4' title='bbox 493 566 664 652; x_wconf 90' lang='lat' dir='ltr'><strong>majoribus</strong></span> <span class='ocrx_word' id='word_1_5' title='bbox 693 567 856 656; x_wconf 88' lang='lat' dir='ltr'><strong>prophetis</strong></span> <span class='ocrx_word' id='word_1_6' title='bbox 885 568 1065 636; x_wconf 81' lang='lat' dir='ltr'><strong>alimentum</strong></span> <span class='ocrx_word' id='word_1_7' title='bbox 1090 567 1252 654; x_wconf 79' lang='lat' dir='ltr'><strong>spirituale</strong></span> 
     </span>
     <span class='ocr_line' id='line_1_3' title="bbox 137 675 1252 762; baseline -0.003 -19"><span class='ocrx_word' id='word_1_8' title='bbox 137 677 352 761; x_wconf 89' lang='lat' dir='ltr'><strong>ministrabat,</strong></span> <span class='ocrx_word' id='word_1_9' title='bbox 380 675 504 742; x_wconf 90' lang='lat' dir='ltr'><strong>efficere</strong></span> <span class='ocrx_word' id='word_1_10' title='bbox 526 682 684 762; x_wconf 89' lang='lat' dir='ltr'><strong>poteraut,</strong></span> <span class='ocrx_word' id='word_1_11' title='bbox 708 682 743 741; x_wconf 90' lang='lat' dir='ltr'><strong>ut</strong></span> <span class='ocrx_word' id='word_1_12' title='bbox 764 675 866 742; x_wconf 89' lang='lat' dir='ltr'><strong>rarius</strong></span> <span class='ocrx_word' id='word_1_13' title='bbox 888 675 1074 742; x_wconf 86' lang='lat' dir='ltr'><strong>nominatim</strong></span> <span class='ocrx_word' id='word_1_14' title='bbox 1096 677 1252 759; x_wconf 82' lang='lat' dir='ltr'><strong>citaretur,</strong></span> 
     </span>
     <span class='ocr_line' id='line_1_4' title="bbox 136 781 1252 869; baseline -0.003 -18"><span class='ocrx_word' id='word_1_15' title='bbox 136 791 174 851; x_wconf 92' lang='lat' dir='ltr'><strong>ut</strong></span> <span class='ocrx_word' id='word_1_16' title='bbox 196 784 365 851; x_wconf 81' lang='grc'><strong>0061011100</strong></span> <span class='ocrx_word' id='word_1_17' title='bbox 388 781 458 868; x_wconf 87' lang='lat' dir='ltr'><strong>ejus</strong></span> <span class='ocrx_word' id='word_1_18' title='bbox 481 801 576 849; x_wconf 90' lang='grc'><strong>06000</strong></span> <span class='ocrx_word' id='word_1_19' title='bbox 598 783 703 869; x_wconf 90' lang='lat' dir='ltr'><strong>potius</strong></span> <span class='ocrx_word' id='word_1_20' title='bbox 726 781 960 867; x_wconf 84' lang='lat' dir='ltr'><strong>intelligeretur,</strong></span> <span class='ocrx_word' id='word_1_21' title='bbox 982 803 1076 866; x_wconf 90' lang='lat' dir='ltr'><strong>quam</strong></span> <span class='ocrx_word' id='word_1_22' title='bbox 1099 783 1252 868; x_wconf 84' lang='lat' dir='ltr'><strong>exprime-</strong></span> 
     </span>
     <span class='ocr_line' id='line_1_5' title="bbox 136 890 1252 983; baseline -0.002 -25"><span class='ocrx_word' id='word_1_23' title='bbox 136 898 226 958; x_wconf 84' lang='lat' dir='ltr'><strong>retur</strong></span> <span class='ocrx_word' id='word_1_24' title='bbox 245 892 360 960; x_wconf 85' lang='lat' dir='ltr'><strong>verbis.</strong></span> <span class='ocrx_word' id='word_1_25' title='bbox 387 891 468 957; x_wconf 87' lang='lat' dir='ltr'><strong>Nam</strong></span> <span class='ocrx_word' id='word_1_26' title='bbox 484 910 580 973; x_wconf 91' lang='lat' dir='ltr'><strong>quum</strong></span> <span class='ocrx_word' id='word_1_27' title='bbox 602 897 666 955; x_wconf 57' lang='lat' dir='ltr'><strong>&#39;itt&#39;</strong></span> <span class='ocrx_word' id='word_1_28' title='bbox 687 895 719 957; x_wconf 94' lang='lat' dir='ltr'><strong>et</strong></span> <span class='ocrx_word' id='word_1_29' title='bbox 742 895 807 983; x_wconf 64' lang='lat'><strong>²1³9</strong></span> <span class='ocrx_word' id='word_1_30' title='bbox 828 909 953 976; x_wconf 82' lang='lat' dir='ltr'><strong>semper</strong></span> <span class='ocrx_word' id='word_1_31' title='bbox 975 891 1020 958; x_wconf 88' lang='lat' dir='ltr'><strong>ita</strong></span> <span class='ocrx_word' id='word_1_32' title='bbox 1042 890 1176 957; x_wconf 88' lang='lat' dir='ltr'><strong>invicem</strong></span> <span class='ocrx_word' id='word_1_33' title='bbox 1199 907 1252 975; x_wconf 92' lang='lat' dir='ltr'><strong>op·</strong></span> 
     </span>
     <span class='ocr_line' id='line_1_6' title="bbox 136 992 1251 1084; baseline -0.002 -19"><span class='ocrx_word' id='word_1_34' title='bbox 136 1005 304 1084; x_wconf 88' lang='lat' dir='ltr'><strong>ponantur,</strong></span> <span class='ocrx_word' id='word_1_35' title='bbox 325 1005 360 1065; x_wconf 88' lang='grc'><strong>01</strong></span> <span class='ocrx_word' id='word_1_36' title='bbox 381 997 442 1065; x_wconf 89' lang='lat' dir='ltr'><strong>hoc</strong></span> <span class='ocrx_word' id='word_1_37' title='bbox 457 997 499 1065; x_wconf 89' lang='lat' dir='ltr'><strong>sit</strong></span> <span class='ocrx_word' id='word_1_38' title='bbox 513 992 687 1083; x_wconf 77' lang='lat' dir='ltr'><strong>„cumum“</strong></span> <span class='ocrx_word' id='word_1_39' title='bbox 703 998 754 1065; x_wconf 88' lang='lat' dir='ltr'><strong>vel</strong></span> <span class='ocrx_word' id='word_1_40' title='bbox 776 1017 872 1064; x_wconf 90' lang='lat' dir='ltr'><strong>sensu</strong></span> <span class='ocrx_word' id='word_1_41' title='bbox 887 997 998 1064; x_wconf 91' lang='lat' dir='ltr'><strong>morali</strong></span> <span class='ocrx_word' id='word_1_42' title='bbox 1014 993 1251 1084; x_wconf 84' lang='lat' dir='ltr'><strong>„perversum“,</strong></span> 
     </span>
     <span class='ocr_line' id='line_1_7' title="bbox 138 1090 1251 1192; baseline 0 -22"><span class='ocrx_word' id='word_1_43' title='bbox 138 1105 217 1172; x_wconf 92' lang='lat' dir='ltr'><strong>illud</strong></span> <span class='ocrx_word' id='word_1_44' title='bbox 246 1113 351 1173; x_wconf 90' lang='lat' dir='ltr'><strong>autem</strong></span> <span class='ocrx_word' id='word_1_45' title='bbox 375 1100 539 1192; x_wconf 82' lang='lat' dir='ltr'><strong>„rectum“</strong></span> <span class='ocrx_word' id='word_1_46' title='bbox 562 1106 613 1172; x_wconf 84' lang='lat' dir='ltr'><strong>vel</strong></span> <span class='ocrx_word' id='word_1_47' title='bbox 635 1123 731 1172; x_wconf 91' lang='grc'><strong>06000</strong></span> <span class='ocrx_word' id='word_1_48' title='bbox 753 1090 872 1184; x_wconf 80' lang='lat' dir='ltr'><strong>morali</strong></span> <span class='ocrx_word' id='word_1_49' title='bbox 887 1101 1066 1192; x_wconf 84' lang='lat' dir='ltr'><strong>,probum“</strong></span> <span class='ocrx_word' id='word_1_50' title='bbox 1088 1100 1147 1189; x_wconf 88' lang='lat' dir='ltr'><strong>(ci.</strong></span> <span class='ocrx_word' id='word_1_51' title='bbox 1163 1125 1190 1172; x_wconf 89' lang='lat' dir='ltr'><strong>e.</strong></span> <span class='ocrx_word' id='word_1_52' title='bbox 1205 1125 1251 1189; x_wconf 88' lang='lat' dir='ltr'><strong>gr.</strong></span> 
     </span>
    </p>
   </div>
   <div class='ocr_carea' id='block_1_3' title="bbox 136 1210 1253 4519">
    <p class='ocr_par' dir='ltr' id='par_1_3' title="bbox 136 1210 1253 4519">
     <span class='ocr_line' id='line_1_8' title="bbox 137 1210 1253 1306; baseline 0 -28"><span class='ocrx_word' id='word_1_53' title='bbox 137 1211 202 1278; x_wconf 81' lang='lat' dir='ltr'><strong>Jea</strong></span> <span class='ocrx_word' id='word_1_54' title='bbox 218 1213 291 1297; x_wconf 88' lang='lat' dir='ltr'><strong>XL,</strong></span> <span class='ocrx_word' id='word_1_55' title='bbox 308 1215 338 1280; x_wconf 87' lang='lat'><strong>3.</strong></span> <span class='ocrx_word' id='word_1_56' title='bbox 354 1211 410 1299; x_wconf 86' lang='lat'><strong>4),</strong></span> <span class='ocrx_word' id='word_1_57' title='bbox 433 1218 465 1280; x_wconf 90' lang='lat' dir='ltr'><strong>ct</strong></span> <span class='ocrx_word' id='word_1_58' title='bbox 487 1233 583 1297; x_wconf 91' lang='lat' dir='ltr'><strong>quum</strong></span> <span class='ocrx_word' id='word_1_59' title='bbox 606 1212 711 1298; x_wconf 91' lang='lat' dir='ltr'><strong>ipsum</strong></span> <span class='ocrx_word' id='word_1_60' title='bbox 734 1210 881 1298; x_wconf 89' lang='lat' dir='ltr'><strong>epouymi</strong></span> <span class='ocrx_word' id='word_1_61' title='bbox 903 1232 1018 1281; x_wconf 90' lang='lat' dir='ltr'><strong>nomeu</strong></span> <span class='ocrx_word' id='word_1_62' title='bbox 1041 1219 1126 1306; x_wconf 53' lang='grc' dir='ltr'><strong>ἓν,</strong></span> <span class='ocrx_word' id='word_1_63' title='bbox 1150 1213 1204 1295; x_wconf 91' lang='lat' dir='ltr'><strong>qui</strong></span> <span class='ocrx_word' id='word_1_64' title='bbox 1232 1234 1253 1278; x_wconf 88' lang='lat' dir='ltr'><strong>a</strong></span> 
     </span>
     <span class='ocr_line' id='line_1_9' title="bbox 136 1299 1252 1406; baseline 0.002 -22"><span class='ocrx_word' id='word_1_65' title='bbox 136 1320 208 1387; x_wconf 90' lang='lat' dir='ltr'><strong>Deo</strong></span> <span class='ocrx_word' id='word_1_66' title='bbox 225 1299 335 1387; x_wconf 58' lang='grc'><strong>5111111</strong></span> <span class='ocrx_word' id='word_1_67' title='bbox 351 1327 480 1388; x_wconf 84' lang='lat' dir='ltr'><strong>vocatus</strong></span> <span class='ocrx_word' id='word_1_68' title='bbox 504 1327 562 1404; x_wconf 89' lang='lat' dir='ltr'><strong>est,</strong></span> <span class='ocrx_word' id='word_1_69' title='bbox 578 1319 723 1405; x_wconf 89' lang='lat' dir='ltr'><strong>designet</strong></span> <span class='ocrx_word' id='word_1_70' title='bbox 742 1339 875 1405; x_wconf 87' lang='lat' dir='ltr'><strong>pravum</strong></span> <span class='ocrx_word' id='word_1_71' title='bbox 898 1341 936 1386; x_wconf 90' lang='lat' dir='ltr'><strong>ac</strong></span> <span class='ocrx_word' id='word_1_72' title='bbox 949 1339 1132 1406; x_wconf 87' lang='lat' dir='ltr'><strong>perversum</strong></span> <span class='ocrx_word' id='word_1_73' title='bbox 1155 1339 1252 1404; x_wconf 91' lang='lat' dir='ltr'><strong>popu-</strong></span> 
     </span>
     <span class='ocr_line' id='line_1_10' title="bbox 138 1426 1252 1514; baseline 0.002 -22"><span class='ocrx_word' id='word_1_74' title='bbox 138 1427 213 1512; x_wconf 91' lang='lat' dir='ltr'><strong>lum,</strong></span> <span class='ocrx_word' id='word_1_75' title='bbox 229 1428 283 1511; x_wconf 91' lang='lat' dir='ltr'><strong>qui</strong></span> <span class='ocrx_word' id='word_1_76' title='bbox 297 1429 359 1495; x_wconf 91' lang='lat' dir='ltr'><strong>Dei</strong></span> <span class='ocrx_word' id='word_1_77' title='bbox 381 1429 484 1514; x_wconf 88' lang='lat' dir='ltr'><strong>gratia</strong></span> <span class='ocrx_word' id='word_1_78' title='bbox 505 1428 622 1514; x_wconf 89' lang='lat' dir='ltr'><strong>probus</strong></span> <span class='ocrx_word' id='word_1_79' title='bbox 645 1448 683 1494; x_wconf 88' lang='lat' dir='ltr'><strong>ac</strong></span> <span class='ocrx_word' id='word_1_80' title='bbox 704 1433 809 1494; x_wconf 88' lang='lat' dir='ltr'><strong>rectus</strong></span> <span class='ocrx_word' id='word_1_81' title='bbox 823 1427 928 1513; x_wconf 88' lang='lat' dir='ltr'><strong>fiebat,</strong></span> <span class='ocrx_word' id='word_1_82' title='bbox 950 1449 1014 1494; x_wconf 94' lang='lat' dir='ltr'><strong>non</strong></span> <span class='ocrx_word' id='word_1_83' title='bbox 1037 1426 1171 1494; x_wconf 81' lang='lat' dir='ltr'><strong>subinde</strong></span> <span class='ocrx_word' id='word_1_84' title='bbox 1194 1427 1252 1494; x_wconf 85' lang='lat' dir='ltr'><strong>scd</strong></span> 
     </span>
     <span class='ocr_line' id='line_1_11' title="bbox 137 1534 1252 1620; baseline 0.001 -20"><span class='ocrx_word' id='word_1_85' title='bbox 137 1535 261 1620; x_wconf 89' lang='lat' dir='ltr'><strong>passim</strong></span> <span class='ocrx_word' id='word_1_86' title='bbox 284 1542 315 1602; x_wconf 90' lang='lat' dir='ltr'><strong>et</strong></span> <span class='ocrx_word' id='word_1_87' title='bbox 336 1536 452 1620; x_wconf 89' lang='lat' dir='ltr'><strong>ubique</strong></span> <span class='ocrx_word' id='word_1_88' title='bbox 475 1537 639 1603; x_wconf 89' lang='lat' dir='ltr'><strong>scatebant</strong></span> <span class='ocrx_word' id='word_1_89' title='bbox 659 1534 739 1600; x_wconf 90' lang='lat' dir='ltr'><strong>inter</strong></span> <span class='ocrx_word' id='word_1_90' title='bbox 754 1535 940 1620; x_wconf 87' lang='lat' dir='ltr'><strong>compilatas</strong></span> <span class='ocrx_word' id='word_1_91' title='bbox 962 1535 1102 1618; x_wconf 88' lang='lat' dir='ltr'><strong>undique</strong></span> <span class='ocrx_word' id='word_1_92' title='bbox 1115 1534 1252 1601; x_wconf 82' lang='lat' dir='ltr'><strong>Masore-</strong></span> 
     </span>
     <span class='ocr_line' id='line_1_12' title="bbox 137 1641 1251 1735; baseline -0.002 -27"><span class='ocrx_word' id='word_1_93' title='bbox 137 1642 264 1708; x_wconf 76' lang='lat' dir='ltr'><strong>thanum</strong></span> <span class='ocrx_word' id='word_1_94' title='bbox 287 1643 458 1729; x_wconf 89' lang='lat' dir='ltr'><strong>scripturas</strong></span> <span class='ocrx_word' id='word_1_95' title='bbox 482 1642 616 1730; x_wconf 89' lang='lat' dir='ltr'><strong>disjecta</strong></span> <span class='ocrx_word' id='word_1_96' title='bbox 638 1641 710 1708; x_wconf 84' lang='lat' dir='ltr'><strong>libri</strong></span> <span class='ocrx_word' id='word_1_97' title='bbox 730 1641 902 1735; x_wconf 85' lang='lat' dir='ltr'><strong>Jasharaui</strong></span> <span class='ocrx_word' id='word_1_98' title='bbox 924 1643 1078 1726; x_wconf 87' lang='lat' dir='ltr'><strong>membra,</strong></span> <span class='ocrx_word' id='word_1_99' title='bbox 1102 1647 1137 1707; x_wconf 91' lang='lat' dir='ltr'><strong>ut</strong></span> <span class='ocrx_word' id='word_1_100' title='bbox 1158 1641 1251 1725; x_wconf 86' lang='lat' dir='ltr'><strong>louge</strong></span> 
     </span>
     <span class='ocr_line' id='line_1_13' title="bbox 138 1747 1253 1836; baseline 0.001 -21"><span class='ocrx_word' id='word_1_101' title='bbox 138 1749 236 1816; x_wconf 87' lang='grc'><strong>101100</strong></span> <span class='ocrx_word' id='word_1_102' title='bbox 266 1751 307 1816; x_wconf 87' lang='grc'><strong>011</strong></span> <span class='ocrx_word' id='word_1_103' title='bbox 336 1751 460 1834; x_wconf 85' lang='lat' dir='ltr'><strong>quidvis</strong></span> <span class='ocrx_word' id='word_1_104' title='bbox 492 1750 535 1817; x_wconf 91' lang='lat' dir='ltr'><strong>ad</strong></span> <span class='ocrx_word' id='word_1_105' title='bbox 568 1749 705 1836; x_wconf 78' lang='lat' dir='ltr'><strong>priscam</strong></span> <span class='ocrx_word' id='word_1_106' title='bbox 734 1748 821 1815; x_wconf 90' lang='lat' dir='ltr'><strong>illam</strong></span> <span class='ocrx_word' id='word_1_107' title='bbox 849 1750 1000 1836; x_wconf 89' lang='lat' dir='ltr'><strong>pietatem</strong></span> <span class='ocrx_word' id='word_1_108' title='bbox 1028 1747 1189 1834; x_wconf 83' lang='lat' dir='ltr'><strong>pertinens</strong></span> <span class='ocrx_word' id='word_1_109' title='bbox 1217 1757 1253 1816; x_wconf 88' lang='lat' dir='ltr'><strong>nt</strong></span> 
     </span>
     <span class='ocr_line' id='line_1_14' title="bbox 137 1856 1251 1944; baseline 0 -21"><span class='ocrx_word' id='word_1_110' title='bbox 137 1856 350 1924; x_wconf 86' lang='lat' dir='ltr'><strong>Jasharauum</strong></span> <span class='ocrx_word' id='word_1_111' title='bbox 374 1879 557 1944; x_wconf 86' lang='lat' dir='ltr'><strong>excerpere,</strong></span> <span class='ocrx_word' id='word_1_112' title='bbox 581 1877 676 1940; x_wconf 89' lang='lat' dir='ltr'><strong>quam</strong></span> <span class='ocrx_word' id='word_1_113' title='bbox 699 1857 871 1941; x_wconf 89' lang='lat' dir='ltr'><strong>quidquam</strong></span> <span class='ocrx_word' id='word_1_114' title='bbox 894 1856 963 1943; x_wconf 85' lang='lat' dir='ltr'><strong>ejus</strong></span> <span class='ocrx_word' id='word_1_115' title='bbox 984 1856 1110 1942; x_wconf 88' lang='lat' dir='ltr'><strong>generis</strong></span> <span class='ocrx_word' id='word_1_116' title='bbox 1132 1862 1167 1922; x_wconf 91' lang='lat' dir='ltr'><strong>ut</strong></span> <span class='ocrx_word' id='word_1_117' title='bbox 1188 1877 1251 1923; x_wconf 95' lang='grc'><strong>000</strong></span> 
     </span>
     <span class='ocr_line' id='line_1_15' title="bbox 138 1963 1251 2053; baseline 0.002 -23"><span class='ocrx_word' id='word_1_118' title='bbox 138 1963 350 2032; x_wconf 87' lang='lat' dir='ltr'><strong>Jasharanum</strong></span> <span class='ocrx_word' id='word_1_119' title='bbox 364 1965 541 2053; x_wconf 86' lang='lat' dir='ltr'><strong>repudiare.</strong></span> <span class='ocrx_word' id='word_1_120' title='bbox 563 1965 684 2049; x_wconf 89' lang='lat' dir='ltr'><strong>Itaque,</strong></span> <span class='ocrx_word' id='word_1_121' title='bbox 700 1970 735 2030; x_wconf 91' lang='lat' dir='ltr'><strong>ut</strong></span> <span class='ocrx_word' id='word_1_122' title='bbox 744 1963 813 2050; x_wconf 89' lang='lat' dir='ltr'><strong>jam</strong></span> <span class='ocrx_word' id='word_1_123' title='bbox 829 1965 902 2032; x_wconf 90' lang='lat' dir='ltr'><strong>olim</strong></span> <span class='ocrx_word' id='word_1_124' title='bbox 919 1963 1103 2049; x_wconf 86' lang='lat' dir='ltr'><strong>significavi,</strong></span> <span class='ocrx_word' id='word_1_125' title='bbox 1119 1965 1203 2049; x_wconf 91' lang='lat' dir='ltr'><strong>quod</strong></span> <span class='ocrx_word' id='word_1_126' title='bbox 1219 1966 1251 2032; x_wconf 90' lang='grc'><strong>10</strong></span> 
     </span>
     <span class='ocr_line' id='line_1_16' title="bbox 137 2072 1252 2160; baseline 0 -22"><span class='ocrx_word' id='word_1_127' title='bbox 137 2072 198 2138; x_wconf 91' lang='lat' dir='ltr'><strong>hoo</strong></span> <span class='ocrx_word' id='word_1_128' title='bbox 214 2074 364 2160; x_wconf 86' lang='lat' dir='ltr'><strong>opusculo</strong></span> <span class='ocrx_word' id='word_1_129' title='bbox 379 2074 499 2141; x_wconf 87' lang='lat' dir='ltr'><strong>tentari</strong></span> <span class='ocrx_word' id='word_1_130' title='bbox 514 2072 617 2140; x_wconf 90' lang='lat' dir='ltr'><strong>simile</strong></span> <span class='ocrx_word' id='word_1_131' title='bbox 633 2078 691 2155; x_wconf 93' lang='lat' dir='ltr'><strong>est,</strong></span> <span class='ocrx_word' id='word_1_132' title='bbox 706 2093 745 2138; x_wconf 89' lang='lat' dir='ltr'><strong>ae</strong></span> <span class='ocrx_word' id='word_1_133' title='bbox 759 2072 787 2138; x_wconf 90' lang='lat' dir='ltr'><strong>si</strong></span> <span class='ocrx_word' id='word_1_134' title='bbox 803 2072 875 2154; x_wconf 89' lang='lat' dir='ltr'><strong>quis</strong></span> <span class='ocrx_word' id='word_1_135' title='bbox 890 2093 929 2139; x_wconf 85' lang='lat' dir='ltr'><strong>ex</strong></span> <span class='ocrx_word' id='word_1_136' title='bbox 945 2078 1100 2139; x_wconf 88' lang='lat' dir='ltr'><strong>structura</strong></span> <span class='ocrx_word' id='word_1_137' title='bbox 1113 2072 1252 2156; x_wconf 87' lang='lat' dir='ltr'><strong>quadam</strong></span> 
     </span>
     <span class='ocr_line' id='line_1_17' title="bbox 139 2179 1252 2268; baseline 0.003 -24"><span class='ocrx_word' id='word_1_138' title='bbox 139 2198 235 2261; x_wconf 90' lang='lat' dir='ltr'><strong>quum</strong></span> <span class='ocrx_word' id='word_1_139' title='bbox 257 2182 390 2248; x_wconf 87' lang='lat' dir='ltr'><strong>vetustis</strong></span> <span class='ocrx_word' id='word_1_140' title='bbox 410 2180 570 2268; x_wconf 82' lang='lat' dir='ltr'><strong>lapidibus</strong></span> <span class='ocrx_word' id='word_1_141' title='bbox 587 2185 653 2245; x_wconf 89' lang='lat' dir='ltr'><strong>tum</strong></span> <span class='ocrx_word' id='word_1_142' title='bbox 669 2179 851 2246; x_wconf 89' lang='lat' dir='ltr'><strong>recentioris</strong></span> <span class='ocrx_word' id='word_1_143' title='bbox 866 2180 937 2247; x_wconf 82' lang='lat' dir='ltr'><strong>aeri</strong></span> <span class='ocrx_word' id='word_1_144' title='bbox 953 2179 1122 2265; x_wconf 80' lang='lat' dir='ltr'><strong>lapidibus,</strong></span> <span class='ocrx_word' id='word_1_145' title='bbox 1138 2181 1252 2248; x_wconf 90' lang='lat' dir='ltr'><strong>emble-</strong></span> 
     </span>
     <span class='ocr_line' id='line_1_18' title="bbox 138 2287 1251 2373; baseline 0.002 -21"><span class='ocrx_word' id='word_1_146' title='bbox 138 2287 234 2353; x_wconf 89' lang='lat' dir='ltr'><strong>matis</strong></span> <span class='ocrx_word' id='word_1_147' title='bbox 248 2287 443 2354; x_wconf 89' lang='lat' dir='ltr'><strong>vermiculati</strong></span> <span class='ocrx_word' id='word_1_148' title='bbox 457 2289 565 2371; x_wconf 86' lang='lat' dir='ltr'><strong>instar,</strong></span> <span class='ocrx_word' id='word_1_149' title='bbox 580 2287 613 2352; x_wconf 92' lang='lat' dir='ltr'><strong>iu</strong></span> <span class='ocrx_word' id='word_1_150' title='bbox 627 2287 805 2372; x_wconf 81' lang='lat' dir='ltr'><strong>relligiosus</strong></span> <span class='ocrx_word' id='word_1_151' title='bbox 820 2307 897 2354; x_wconf 91' lang='lat' dir='ltr'><strong>usus</strong></span> <span class='ocrx_word' id='word_1_152' title='bbox 913 2287 1095 2372; x_wconf 86' lang='lat' dir='ltr'><strong>composita,</strong></span> <span class='ocrx_word' id='word_1_153' title='bbox 1109 2287 1251 2373; x_wconf 88' lang='lat' dir='ltr'><strong>lapidum</strong></span> 
     </span>
     <span class='ocr_line' id='line_1_19' title="bbox 139 2393 1250 2480; baseline 0.002 -22"><span class='ocrx_word' id='word_1_154' title='bbox 139 2393 269 2460; x_wconf 89' lang='lat' dir='ltr'><strong>istorum</strong></span> <span class='ocrx_word' id='word_1_155' title='bbox 284 2395 411 2480; x_wconf 89' lang='lat' dir='ltr'><strong>aliquot,</strong></span> <span class='ocrx_word' id='word_1_156' title='bbox 427 2395 481 2479; x_wconf 90' lang='lat' dir='ltr'><strong>qui</strong></span> <span class='ocrx_word' id='word_1_157' title='bbox 496 2395 609 2480; x_wconf 84' lang='lat' dir='ltr'><strong>priscis</strong></span> <span class='ocrx_word' id='word_1_158' title='bbox 624 2395 818 2480; x_wconf 88' lang='lat' dir='ltr'><strong>temporibus</strong></span> <span class='ocrx_word' id='word_1_159' title='bbox 833 2395 923 2462; x_wconf 88' lang='lat' dir='ltr'><strong>aedis</strong></span> <span class='ocrx_word' id='word_1_160' title='bbox 939 2415 1048 2462; x_wconf 89' lang='lat' dir='ltr'><strong>sacrae</strong></span> <span class='ocrx_word' id='word_1_161' title='bbox 1063 2395 1250 2462; x_wconf 85' lang='lat' dir='ltr'><strong>vestibulum</strong></span> 
     </span>
     <span class='ocr_line' id='line_1_20' title="bbox 140 2501 1252 2587; baseline 0.002 -22"><span class='ocrx_word' id='word_1_162' title='bbox 140 2501 354 2586; x_wconf 86' lang='lat' dir='ltr'><strong>conficiebant,</strong></span> <span class='ocrx_word' id='word_1_163' title='bbox 375 2503 420 2569; x_wconf 90' lang='lat' dir='ltr'><strong>ita</strong></span> <span class='ocrx_word' id='word_1_164' title='bbox 434 2502 581 2570; x_wconf 90' lang='lat' dir='ltr'><strong>evelleret</strong></span> <span class='ocrx_word' id='word_1_165' title='bbox 595 2502 646 2568; x_wconf 90' lang='lat' dir='ltr'><strong>vel</strong></span> <span class='ocrx_word' id='word_1_166' title='bbox 667 2503 774 2587; x_wconf 90' lang='lat' dir='ltr'><strong>potius</strong></span> <span class='ocrx_word' id='word_1_167' title='bbox 789 2503 914 2570; x_wconf 87' lang='lat' dir='ltr'><strong>evulsos</strong></span> <span class='ocrx_word' id='word_1_168' title='bbox 938 2501 1119 2586; x_wconf 87' lang='lat' dir='ltr'><strong>imitaretur,</strong></span> <span class='ocrx_word' id='word_1_169' title='bbox 1134 2508 1169 2568; x_wconf 93' lang='lat' dir='ltr'><strong>ut</strong></span> <span class='ocrx_word' id='word_1_170' title='bbox 1190 2503 1252 2587; x_wconf 89' lang='lat' dir='ltr'><strong>pri-</strong></span> 
     </span>
     <span class='ocr_line' id='line_1_21' title="bbox 140 2607 1251 2694; baseline -0.001 -21"><span class='ocrx_word' id='word_1_171' title='bbox 140 2607 255 2674; x_wconf 89' lang='lat' dir='ltr'><strong>stinam</strong></span> <span class='ocrx_word' id='word_1_172' title='bbox 287 2608 514 2677; x_wconf 87' lang='lat' dir='ltr'><strong>architecturae</strong></span> <span class='ocrx_word' id='word_1_173' title='bbox 542 2608 675 2676; x_wconf 85' lang='lat' dir='ltr'><strong>sormam</strong></span> <span class='ocrx_word' id='word_1_174' title='bbox 705 2608 902 2676; x_wconf 85' lang='lat' dir='ltr'><strong>instauraret.</strong></span> <span class='ocrx_word' id='word_1_175' title='bbox 946 2608 1054 2694; x_wconf 91' lang='lat' dir='ltr'><strong>Ipsam</strong></span> <span class='ocrx_word' id='word_1_176' title='bbox 1081 2608 1251 2676; x_wconf 86' lang='lat' dir='ltr'><strong>Jasharaui</strong></span> 
     </span>
     <span class='ocr_line' id='line_1_22' title="bbox 138 2715 1251 2803; baseline 0.002 -21"><span class='ocrx_word' id='word_1_177' title='bbox 138 2715 248 2800; x_wconf 89' lang='lat' dir='ltr'><strong>templi</strong></span> <span class='ocrx_word' id='word_1_178' title='bbox 270 2717 400 2802; x_wconf 91' lang='lat' dir='ltr'><strong>molem,</strong></span> <span class='ocrx_word' id='word_1_179' title='bbox 423 2717 520 2784; x_wconf 88' lang='lat' dir='ltr'><strong>multo</strong></span> <span class='ocrx_word' id='word_1_180' title='bbox 543 2716 726 2803; x_wconf 91' lang='lat' dir='ltr'><strong>ampliorem</strong></span> <span class='ocrx_word' id='word_1_181' title='bbox 749 2716 851 2800; x_wconf 88' lang='lat' dir='ltr'><strong>illam,</strong></span> <span class='ocrx_word' id='word_1_182' title='bbox 874 2735 937 2782; x_wconf 92' lang='lat' dir='ltr'><strong>nou</strong></span> <span class='ocrx_word' id='word_1_183' title='bbox 960 2722 1090 2782; x_wconf 88' lang='lat' dir='ltr'><strong>conatus</strong></span> <span class='ocrx_word' id='word_1_184' title='bbox 1113 2735 1185 2782; x_wconf 88' lang='lat' dir='ltr'><strong>sum</strong></span> <span class='ocrx_word' id='word_1_185' title='bbox 1205 2737 1251 2784; x_wconf 86' lang='lat' dir='ltr'><strong>re·</strong></span> 
     </span>
     <span class='ocr_line' id='line_1_23' title="bbox 139 2822 1251 2910; baseline 0.001 -20"><span class='ocrx_word' id='word_1_186' title='bbox 139 2824 333 2910; x_wconf 89' lang='lat' dir='ltr'><strong>concinnare,</strong></span> <span class='ocrx_word' id='word_1_187' title='bbox 349 2846 423 2890; x_wconf 90' lang='lat' dir='ltr'><strong>uam</strong></span> <span class='ocrx_word' id='word_1_188' title='bbox 438 2825 568 2908; x_wconf 89' lang='lat' dir='ltr'><strong>antiqua</strong></span> <span class='ocrx_word' id='word_1_189' title='bbox 589 2825 737 2891; x_wconf 89' lang='lat' dir='ltr'><strong>materies</strong></span> <span class='ocrx_word' id='word_1_190' title='bbox 752 2824 784 2890; x_wconf 94' lang='lat' dir='ltr'><strong>iu</strong></span> <span class='ocrx_word' id='word_1_191' title='bbox 806 2823 897 2890; x_wconf 88' lang='lat' dir='ltr'><strong>novis</strong></span> <span class='ocrx_word' id='word_1_192' title='bbox 912 2822 1161 2892; x_wconf 86' lang='lat' dir='ltr'><strong>Masoretharnm</strong></span> <span class='ocrx_word' id='word_1_193' title='bbox 1183 2845 1251 2891; x_wconf 84' lang='lat' dir='ltr'><strong>cae</strong></span> 
     </span>
     <span class='ocr_line' id='line_1_24' title="bbox 138 2931 1251 3015; baseline -0.002 -17"><span class='ocrx_word' id='word_1_194' title='bbox 138 2932 252 3000; x_wconf 88' lang='lat' dir='ltr'><strong>mentis</strong></span> <span class='ocrx_word' id='word_1_195' title='bbox 274 2939 306 2999; x_wconf 91' lang='lat' dir='ltr'><strong>et</strong></span> <span class='ocrx_word' id='word_1_196' title='bbox 320 2931 407 2999; x_wconf 89' lang='lat' dir='ltr'><strong>calce</strong></span> <span class='ocrx_word' id='word_1_197' title='bbox 428 2931 475 2998; x_wconf 87' lang='lat' dir='ltr'><strong>ita</strong></span> <span class='ocrx_word' id='word_1_198' title='bbox 497 2938 546 2998; x_wconf 91' lang='grc'><strong>601</strong></span> <span class='ocrx_word' id='word_1_199' title='bbox 560 2931 725 2998; x_wconf 88' lang='lat' dir='ltr'><strong>commista</strong></span> <span class='ocrx_word' id='word_1_200' title='bbox 747 2938 778 2998; x_wconf 94' lang='grc'><strong>61</strong></span> <span class='ocrx_word' id='word_1_201' title='bbox 793 2931 932 3015; x_wconf 87' lang='lat' dir='ltr'><strong>confusa,</strong></span> <span class='ocrx_word' id='word_1_202' title='bbox 949 2932 994 2997; x_wconf 88' lang='lat' dir='ltr'><strong>ita</strong></span> <span class='ocrx_word' id='word_1_203' title='bbox 1009 2938 1058 2998; x_wconf 87' lang='lat' dir='ltr'><strong>est</strong></span> <span class='ocrx_word' id='word_1_204' title='bbox 1072 2932 1137 2998; x_wconf 86' lang='lat' dir='ltr'><strong>luto</strong></span> <span class='ocrx_word' id='word_1_205' title='bbox 1159 2931 1251 2998; x_wconf 90' lang='lat' dir='ltr'><strong>iuter-</strong></span> 
     </span>
     <span class='ocr_line' id='line_1_25' title="bbox 137 3037 1252 3125; baseline 0.002 -22"><span class='ocrx_word' id='word_1_206' title='bbox 137 3038 203 3124; x_wconf 86' lang='lat' dir='ltr'><strong>lita,</strong></span> <span class='ocrx_word' id='word_1_207' title='bbox 218 3040 292 3106; x_wconf 88' lang='lat' dir='ltr'><strong>novi</strong></span> <span class='ocrx_word' id='word_1_208' title='bbox 306 3039 430 3125; x_wconf 90' lang='lat' dir='ltr'><strong>lapides</strong></span> <span class='ocrx_word' id='word_1_209' title='bbox 446 3039 479 3104; x_wconf 93' lang='lat' dir='ltr'><strong>iu</strong></span> <span class='ocrx_word' id='word_1_210' title='bbox 489 3045 631 3106; x_wconf 85' lang='lat' dir='ltr'><strong>veterum</strong></span> <span class='ocrx_word' id='word_1_211' title='bbox 647 3039 785 3125; x_wconf 89' lang='lat' dir='ltr'><strong>speciem</strong></span> <span class='ocrx_word' id='word_1_212' title='bbox 800 3059 839 3105; x_wconf 88' lang='lat' dir='ltr'><strong>ac</strong></span> <span class='ocrx_word' id='word_1_213' title='bbox 854 3037 1102 3124; x_wconf 84' lang='lat' dir='ltr'><strong>magnitudinem</strong></span> <span class='ocrx_word' id='word_1_214' title='bbox 1117 3039 1163 3104; x_wconf 87' lang='lat' dir='ltr'><strong>ita</strong></span> <span class='ocrx_word' id='word_1_215' title='bbox 1179 3042 1252 3105; x_wconf 91' lang='lat' dir='ltr'><strong>sunt</strong></span> 
     </span>
     <span class='ocr_line' id='line_1_26' title="bbox 139 3145 1251 3233; baseline -0.003 -19"><span class='ocrx_word' id='word_1_216' title='bbox 139 3147 293 3231; x_wconf 88' lang='lat' dir='ltr'><strong>quadrati,</strong></span> <span class='ocrx_word' id='word_1_217' title='bbox 313 3147 368 3213; x_wconf 86' lang='lat' dir='ltr'><strong>vix</strong></span> <span class='ocrx_word' id='word_1_218' title='bbox 389 3152 423 3212; x_wconf 94' lang='lat' dir='ltr'><strong>ut</strong></span> <span class='ocrx_word' id='word_1_219' title='bbox 443 3146 549 3232; x_wconf 88' lang='lat' dir='ltr'><strong>possis</strong></span> <span class='ocrx_word' id='word_1_220' title='bbox 564 3145 707 3214; x_wconf 82' lang='lat' dir='ltr'><strong>diversas</strong></span> <span class='ocrx_word' id='word_1_221' title='bbox 730 3145 840 3213; x_wconf 84' lang='lat' dir='ltr'><strong>novitii</strong></span> <span class='ocrx_word' id='word_1_222' title='bbox 861 3147 966 3231; x_wconf 88' lang='lat' dir='ltr'><strong>operis</strong></span> <span class='ocrx_word' id='word_1_223' title='bbox 987 3153 1095 3233; x_wconf 86' lang='lat' dir='ltr'><strong>partes</strong></span> <span class='ocrx_word' id='word_1_224' title='bbox 1118 3145 1188 3212; x_wconf 90' lang='lat' dir='ltr'><strong>siue</strong></span> <span class='ocrx_word' id='word_1_225' title='bbox 1205 3145 1251 3212; x_wconf 92' lang='lat' dir='ltr'><strong>di·</strong></span> 
     </span>
     <span class='ocr_line' id='line_1_27' title="bbox 139 3251 1251 3345; baseline 0 -25"><span class='ocrx_word' id='word_1_226' title='bbox 139 3253 240 3320; x_wconf 89' lang='lat' dir='ltr'><strong>scidio</strong></span> <span class='ocrx_word' id='word_1_227' title='bbox 262 3253 427 3345; x_wconf 87' lang='lat' dir='ltr'><strong>perniciali</strong></span> <span class='ocrx_word' id='word_1_228' title='bbox 449 3252 615 3338; x_wconf 88' lang='lat' dir='ltr'><strong>sejungere</strong></span> <span class='ocrx_word' id='word_1_229' title='bbox 630 3260 725 3337; x_wconf 90' lang='lat' dir='ltr'><strong>atque</strong></span> <span class='ocrx_word' id='word_1_230' title='bbox 749 3273 926 3338; x_wconf 88' lang='lat' dir='ltr'><strong>segregare.</strong></span> <span class='ocrx_word' id='word_1_231' title='bbox 949 3251 1041 3330; x_wconf 81' lang='lat' dir='ltr'><strong>Quod</strong></span> <span class='ocrx_word' id='word_1_232' title='bbox 1064 3253 1163 3319; x_wconf 89' lang='lat' dir='ltr'><strong>critici</strong></span> <span class='ocrx_word' id='word_1_233' title='bbox 1183 3260 1251 3320; x_wconf 88' lang='lat' dir='ltr'><strong>erat</strong></span> 
     </span>
     <span class='ocr_line' id='line_1_28' title="bbox 138 3359 1250 3454; baseline 0.002 -28"><span class='ocrx_word' id='word_1_234' title='bbox 138 3381 195 3447; x_wconf 91' lang='lat' dir='ltr'><strong>pro</strong></span> <span class='ocrx_word' id='word_1_235' title='bbox 210 3361 293 3428; x_wconf 88' lang='lat' dir='ltr'><strong>virili</strong></span> <span class='ocrx_word' id='word_1_236' title='bbox 314 3366 404 3447; x_wconf 91' lang='lat' dir='ltr'><strong>parte</strong></span> <span class='ocrx_word' id='word_1_237' title='bbox 427 3361 554 3454; x_wconf 85' lang='lat' dir='ltr'><strong>molitus</strong></span> <span class='ocrx_word' id='word_1_238' title='bbox 577 3381 662 3446; x_wconf 83' lang='lat' dir='ltr'><strong>sum3</strong></span> <span class='ocrx_word' id='word_1_239' title='bbox 687 3359 771 3445; x_wconf 90' lang='lat' dir='ltr'><strong>quod</strong></span> <span class='ocrx_word' id='word_1_240' title='bbox 793 3359 906 3426; x_wconf 88' lang='lat' dir='ltr'><strong>harioli</strong></span> <span class='ocrx_word' id='word_1_241' title='bbox 929 3360 1042 3428; x_wconf 85' lang='lat' dir='ltr'><strong>fuisset</strong></span> <span class='ocrx_word' id='word_1_242' title='bbox 1063 3361 1250 3428; x_wconf 87' lang='lat' dir='ltr'><strong>intentatum</strong></span> 
     </span>
     <span class='ocr_line' id='line_1_29' title="bbox 137 3465 1250 3554; baseline 0.003 -22"><span class='ocrx_word' id='word_1_243' title='bbox 137 3465 259 3550; x_wconf 90' lang='lat' dir='ltr'><strong>reliqui.</strong></span> <span class='ocrx_word' id='word_1_244' title='bbox 289 3467 409 3552; x_wconf 85' lang='lat' dir='ltr'><strong>Itaque,</strong></span> <span class='ocrx_word' id='word_1_245' title='bbox 433 3468 461 3534; x_wconf 92' lang='lat' dir='ltr'><strong>si</strong></span> <span class='ocrx_word' id='word_1_246' title='bbox 484 3474 613 3536; x_wconf 87' lang='lat' dir='ltr'><strong>conatus</strong></span> <span class='ocrx_word' id='word_1_247' title='bbox 637 3469 690 3534; x_wconf 91' lang='lat' dir='ltr'><strong>ille</strong></span> <span class='ocrx_word' id='word_1_248' title='bbox 712 3468 790 3534; x_wconf 92' lang='lat' dir='ltr'><strong>mihi</strong></span> <span class='ocrx_word' id='word_1_249' title='bbox 813 3489 853 3535; x_wconf 83' lang='lat' dir='ltr'><strong>ex</strong></span> <span class='ocrx_word' id='word_1_250' title='bbox 876 3468 1032 3535; x_wconf 88' lang='lat' dir='ltr'><strong>sententia</strong></span> <span class='ocrx_word' id='word_1_251' title='bbox 1054 3468 1250 3554; x_wconf 82' lang='lat' dir='ltr'><strong>processerit,</strong></span> 
     </span>
     <span class='ocr_line' id='line_1_30' title="bbox 138 3573 1250 3660; baseline 0.001 -19"><span class='ocrx_word' id='word_1_252' title='bbox 138 3595 232 3659; x_wconf 91' lang='lat' dir='ltr'><strong>spero</strong></span> <span class='ocrx_word' id='word_1_253' title='bbox 255 3573 322 3642; x_wconf 85' lang='lat' dir='ltr'><strong>fore</strong></span> <span class='ocrx_word' id='word_1_254' title='bbox 344 3582 379 3641; x_wconf 93' lang='lat' dir='ltr'><strong>ut</strong></span> <span class='ocrx_word' id='word_1_255' title='bbox 400 3595 514 3642; x_wconf 88' lang='lat' dir='ltr'><strong>novam</strong></span> <span class='ocrx_word' id='word_1_256' title='bbox 536 3575 594 3641; x_wconf 93' lang='grc'><strong>1011</strong></span> <span class='ocrx_word' id='word_1_257' title='bbox 616 3574 794 3660; x_wconf 90' lang='lat' dir='ltr'><strong>theologiae</strong></span> <span class='ocrx_word' id='word_1_258' title='bbox 820 3575 922 3641; x_wconf 89' lang='lat' dir='ltr'><strong>lucem</strong></span> <span class='ocrx_word' id='word_1_259' title='bbox 949 3574 1155 3642; x_wconf 88' lang='lat' dir='ltr'><strong>accenderim.</strong></span> <span class='ocrx_word' id='word_1_260' title='bbox 1193 3576 1250 3642; x_wconf 87' lang='lat' dir='ltr'><strong>Sin</strong></span> 
     </span>
     <span class='ocr_line' id='line_1_31' title="bbox 137 3676 1250 3769; baseline 0.002 -23"><span class='ocrx_word' id='word_1_261' title='bbox 137 3681 249 3767; x_wconf 87' lang='lat' dir='ltr'><strong>minus,</strong></span> <span class='ocrx_word' id='word_1_262' title='bbox 265 3683 414 3767; x_wconf 73' lang='grc' dir='ltr'><em>μεγάλων</em></span> <span class='ocrx_word' id='word_1_263' title='bbox 425 3680 675 3749; x_wconf 72' lang='grc' dir='ltr'><strong>ἀπολισθαίνειν</strong></span> <span class='ocrx_word' id='word_1_264' title='bbox 689 3681 775 3767; x_wconf 79' lang='grc' dir='ltr'><strong><em>ὅμως</em></strong></span> <span class='ocrx_word' id='word_1_265' title='bbox 790 3680 915 3763; x_wconf 72' lang='grc' dir='ltr'><strong>εὐγενὲς</strong></span> <span class='ocrx_word' id='word_1_266' title='bbox 927 3676 1109 3769; x_wconf 72' lang='grc' dir='ltr'><strong><em>ἁμάρτημα.</em></strong></span> <span class='ocrx_word' id='word_1_267' title='bbox 1132 3681 1250 3750; x_wconf 84' lang='lat' dir='ltr'><strong>Adver-</strong></span> 
     </span>
     <span class='ocr_line' id='line_1_32' title="bbox 139 3789 1250 3875; baseline 0.001 -20"><span class='ocrx_word' id='word_1_268' title='bbox 139 3789 239 3856; x_wconf 89' lang='lat' dir='ltr'><strong>sarios</strong></span> <span class='ocrx_word' id='word_1_269' title='bbox 261 3795 356 3872; x_wconf 84' lang='lat' dir='ltr'><strong>atque</strong></span> <span class='ocrx_word' id='word_1_270' title='bbox 372 3791 594 3856; x_wconf 87' lang='lat' dir='ltr'><strong>obtrectatores</strong></span> <span class='ocrx_word' id='word_1_271' title='bbox 615 3809 719 3874; x_wconf 91' lang='lat' dir='ltr'><strong>neque</strong></span> <span class='ocrx_word' id='word_1_272' title='bbox 742 3790 846 3857; x_wconf 89' lang='lat' dir='ltr'><strong>adhuc</strong></span> <span class='ocrx_word' id='word_1_273' title='bbox 860 3789 1072 3875; x_wconf 84' lang='lat' dir='ltr'><strong>reformidavi,</strong></span> <span class='ocrx_word' id='word_1_274' title='bbox 1092 3808 1194 3874; x_wconf 89' lang='lat' dir='ltr'><strong>neque</strong></span> <span class='ocrx_word' id='word_1_275' title='bbox 1217 3791 1250 3856; x_wconf 93' lang='grc'><strong>10</strong></span> 
     </span>
     <span class='ocr_line' id='line_1_33' title="bbox 137 3896 1250 3981; baseline 0.002 -19"><span class='ocrx_word' id='word_1_276' title='bbox 137 3902 297 3981; x_wconf 89' lang='lat' dir='ltr'><strong>posterum</strong></span> <span class='ocrx_word' id='word_1_277' title='bbox 319 3903 374 3963; x_wconf 87' lang='lat' dir='ltr'><strong>aut</strong></span> <span class='ocrx_word' id='word_1_278' title='bbox 394 3896 549 3981; x_wconf 87' lang='lat' dir='ltr'><strong>refugiam</strong></span> <span class='ocrx_word' id='word_1_279' title='bbox 572 3897 749 3964; x_wconf 87' lang='lat' dir='ltr'><strong>invidorum</strong></span> <span class='ocrx_word' id='word_1_280' title='bbox 770 3898 931 3964; x_wconf 90' lang='lat' dir='ltr'><strong>homiuum</strong></span> <span class='ocrx_word' id='word_1_281' title='bbox 954 3897 1098 3964; x_wconf 89' lang='lat' dir='ltr'><strong>incursus</strong></span> <span class='ocrx_word' id='word_1_282' title='bbox 1120 3905 1175 3964; x_wconf 90' lang='lat' dir='ltr'><strong>aut</strong></span> <span class='ocrx_word' id='word_1_283' title='bbox 1197 3898 1250 3965; x_wconf 93' lang='lat' dir='ltr'><strong>de-</strong></span> 
     </span>
     <span class='ocr_line' id='line_1_34' title="bbox 137 4003 1249 4090; baseline 0.002 -22"><span class='ocrx_word' id='word_1_284' title='bbox 137 4003 297 4088; x_wconf 87' lang='lat' dir='ltr'><strong>precabor.</strong></span> <span class='ocrx_word' id='word_1_285' title='bbox 326 4003 398 4070; x_wconf 89' lang='lat' dir='ltr'><strong>Scio</strong></span> <span class='ocrx_word' id='word_1_286' title='bbox 414 4003 507 4088; x_wconf 89' lang='lat' dir='ltr'><strong>euim,</strong></span> <span class='ocrx_word' id='word_1_287' title='bbox 523 4005 723 4087; x_wconf 90' lang='lat' dir='ltr'><strong>quantumvis</strong></span> <span class='ocrx_word' id='word_1_288' title='bbox 747 4005 788 4071; x_wconf 91' lang='grc'><strong>011</strong></span> <span class='ocrx_word' id='word_1_289' title='bbox 803 4027 892 4073; x_wconf 91' lang='lat' dir='ltr'><strong>meus</strong></span> <span class='ocrx_word' id='word_1_290' title='bbox 915 4005 1053 4072; x_wconf 87' lang='lat' dir='ltr'><strong>humana</strong></span> <span class='ocrx_word' id='word_1_291' title='bbox 1067 4025 1125 4090; x_wconf 90' lang='lat' dir='ltr'><strong>per</strong></span> <span class='ocrx_word' id='word_1_292' title='bbox 1146 4025 1181 4072; x_wconf 89' lang='grc'><strong>06</strong></span> <span class='ocrx_word' id='word_1_293' title='bbox 1196 4025 1249 4071; x_wconf 84' lang='lat' dir='ltr'><strong>uo</strong></span> 
     </span>
     <span class='ocr_line' id='line_1_35' title="bbox 137 4109 1249 4197; baseline -0.001 -21"><span class='ocrx_word' id='word_1_294' title='bbox 137 4109 242 4177; x_wconf 84' lang='lat' dir='ltr'><strong>vitatis</strong></span> <span class='ocrx_word' id='word_1_295' title='bbox 265 4110 369 4196; x_wconf 90' lang='lat' dir='ltr'><strong>avida,</strong></span> <span class='ocrx_word' id='word_1_296' title='bbox 392 4111 479 4178; x_wconf 90' lang='lat' dir='ltr'><strong>illam</strong></span> <span class='ocrx_word' id='word_1_297' title='bbox 500 4132 571 4179; x_wconf 90' lang='lat' dir='ltr'><strong>esse</strong></span> <span class='ocrx_word' id='word_1_298' title='bbox 591 4111 837 4197; x_wconf 89' lang='lat' dir='ltr'><strong>uuiuscujusque</strong></span> <span class='ocrx_word' id='word_1_299' title='bbox 853 4113 965 4180; x_wconf 89' lang='lat' dir='ltr'><strong>aetatis</strong></span> <span class='ocrx_word' id='word_1_300' title='bbox 981 4110 1249 4194; x_wconf 89' lang='lat' dir='ltr'><strong>cousuetudinem,</strong></span> 
     </span>
     <span class='ocr_line' id='line_1_36' title="bbox 138 4217 1249 4305; baseline 0.001 -22"><span class='ocrx_word' id='word_1_301' title='bbox 138 4223 171 4283; x_wconf 89' lang='grc'><strong>01</strong></span> <span class='ocrx_word' id='word_1_302' title='bbox 193 4217 335 4284; x_wconf 89' lang='lat' dir='ltr'><strong>insolitas</strong></span> <span class='ocrx_word' id='word_1_303' title='bbox 351 4219 515 4304; x_wconf 88' lang='lat' dir='ltr'><strong>opiniones</strong></span> <span class='ocrx_word' id='word_1_304' title='bbox 537 4218 700 4305; x_wconf 90' lang='lat' dir='ltr'><strong>paulisper</strong></span> <span class='ocrx_word' id='word_1_305' title='bbox 723 4219 907 4304; x_wconf 85' lang='lat' dir='ltr'><strong>impugnent</strong></span> <span class='ocrx_word' id='word_1_306' title='bbox 928 4218 990 4284; x_wconf 90' lang='lat' dir='ltr'><strong>acti</strong></span> <span class='ocrx_word' id='word_1_307' title='bbox 1012 4217 1163 4304; x_wconf 91' lang='lat' dir='ltr'><strong>temporis</strong></span> <span class='ocrx_word' id='word_1_308' title='bbox 1184 4217 1249 4284; x_wconf 90' lang='lat' dir='ltr'><strong>lau·</strong></span> 
     </span>
     <span class='ocr_line' id='line_1_37' title="bbox 137 4313 1248 4410; baseline 0.002 -21"><span class='ocrx_word' id='word_1_309' title='bbox 137 4322 270 4410; x_wconf 87' lang='lat' dir='ltr'><strong>datores,</strong></span> <span class='ocrx_word' id='word_1_310' title='bbox 286 4325 387 4393; x_wconf 89' lang='lat' dir='ltr'><strong>donec</strong></span> <span class='ocrx_word' id='word_1_311' title='bbox 401 4332 528 4393; x_wconf 88' lang='lat' dir='ltr'><strong>tenerae</strong></span> <span class='ocrx_word' id='word_1_312' title='bbox 544 4325 703 4392; x_wconf 75' lang='lat' dir='ltr'><strong>annaniae</strong></span> <span class='ocrx_word' id='word_1_313' title='bbox 717 4313 842 4392; x_wconf 85' lang='lat' dir='ltr'><strong>veritati</strong></span> <span class='ocrx_word' id='word_1_314' title='bbox 857 4323 1053 4390; x_wconf 89' lang='lat' dir='ltr'><strong>adventiciae</strong></span> <span class='ocrx_word' id='word_1_315' title='bbox 1068 4325 1248 4393; x_wconf 88' lang='lat' dir='ltr'><strong>assuefiant.</strong></span> 
     </span>
     <span class='ocr_line' id='line_1_38' title="bbox 137 4427 1249 4519; baseline 0.004 -24"><span class='ocrx_word' id='word_1_316' title='bbox 137 4427 213 4496; x_wconf 86' lang='lat' dir='ltr'><strong>Mihi</strong></span> <span class='ocrx_word' id='word_1_317' title='bbox 228 4432 356 4516; x_wconf 88' lang='lat' dir='ltr'><strong>quidem</strong></span> <span class='ocrx_word' id='word_1_318' title='bbox 378 4435 485 4500; x_wconf 87' lang='lat' dir='ltr'><strong>crebro</strong></span> <span class='ocrx_word' id='word_1_319' title='bbox 509 4434 683 4500; x_wconf 87' lang='lat' dir='ltr'><strong>insusurrat</strong></span> <span class='ocrx_word' id='word_1_320' title='bbox 704 4431 992 4499; x_wconf 88' lang='lat' dir='ltr'><strong>mathematicorum</strong></span> <span class='ocrx_word' id='word_1_321' title='bbox 1015 4431 1163 4519; x_wconf 87' lang='lat' dir='ltr'><strong>princeps</strong></span> <span class='ocrx_word' id='word_1_322' title='bbox 1185 4455 1249 4499; x_wconf 84' lang='lat' dir='ltr'><strong>mo</strong></span> 
     </span>
    </p>
   </div>
   <div class='ocr_carea' id='block_1_4' title="bbox 0 0 1588 5178">
    <p class='ocr_par' dir='ltr' id='par_1_4' title="bbox 0 0 1588 5178">
     <span class='ocr_line' id='line_1_39' title="bbox 0 0 1588 5178; baseline 0 0"><span class='ocrx_word' id='word_1_323' title='bbox 0 0 1588 5178; x_wconf 95' lang='lat' dir='ltr'><strong> </strong></span> 
     </span>
    </p>
   </div>
  </div>
 </body>
</html>
