3166 5178
843 349 894 423 28

314 561 496 648 plecteretur,
515 557 659 623 Chaldaea
680 559 729 624 illa
750 562 873 624 nominis
889 553 960 661 Ἶῐᾷξ
976 563 1176 648 interpretatio
1199 582 1254 624 nos
1276 560 1423 638 admonet,

313 699 348 752 ut
370 684 512 774 quaedam
534 683 694 771 fragmenta
717 688 747 751 in
770 685 847 750 libro
870 684 945 772 lepis
967 698 1153 774 quaerantur.
1198 685 1263 750 Huc
1286 686 1425 752 accedent

313 815 457 898 promissa
479 809 633 887 felicitatis,
658 823 687 874 et
714 809 928 876 benedictiones
951 833 1025 900 quae
1048 810 1240 876 obedientiam
1266 815 1349 898 sequi
1371 810 1423 876 de·
1500 847 1503 852 >

312 936 430 1002 bebaut.
477 929 608 1000 Duarum
636 935 702 1000 libri
729 940 823 1000 nostri
851 939 1018 1002 citationum
1046 940 1127 1024 prior
1155 937 1241 1002 docet
1267 959 1321 1001 nos
1350 959 1423 1024 syn-

250 1141 265 1152 ·
313 1073 410 1147 tagma
437 1060 510 1126 illud
543 1063 663 1148 epinicia
690 1061 832 1150 quaedam
861 1061 1127 1150 comprehendisse,
1157 1085 1230 1151 quae
1257 1062 1424 1148 triumphos

307 1189 479 1274 probassem
494 1185 772 1265 commemorabant;
794 1188 884 1252 altera
906 1191 999 1252 innuit
1012 1188 1131 1253 Doridis
1145 1211 1192 1253 res
1207 1201 1304 1276 gestas
1325 1188 1424 1251 locum

312 1311 353 1376 ibi
373 1314 530 1389 invenisse3
554 1325 583 1376 et
605 1315 629 1376 si
645 1311 801 1378 Solomone
816 1315 930 1399 vigente
951 1316 1008 1377 ista
1028 1281 1187 1378 termidum
1210 1311 1326 1400 farrago
1348 1311 1423 1376 sub-

312 1449 377 1502 acta
400 1450 456 1513 est,
481 1459 542 1500 non
562 1459 618 1524 par
640 1449 685 1502 est
707 1437 823 1502 credere
845 1438 932 1502 talem
954 1451 1125 1528 tantumque
1144 1459 1245 1525 'regem
1272 1461 1355 1503 suam
1378 1436 1423 1501 le·

187 1614 192 1633 ,
311 1562 446 1626 licitatem
475 1576 504 1626 et
531 1561 713 1650 splendorem
746 1563 858 1627 silentio
887 1567 1077 1652 praeteriisse.
1127 1565 1273 1653 Denique,
1302 1587 1338 1628 ne
1366 1585 1422 1650 pa-

311 1687 404 1752 lantes
432 1687 567 1752 oberraro
594 1691 755 1775 possimus,
785 1701 903 1775 praesto
932 1688 1017 1754 nobis
1051 1689 1133 1754 adest
1163 1689 1295 1754 oculatus
1329 1693 1420 1763 testis,

312 1815 361 1900 qui
383 1825 494 1878 veteres
523 1817 661 1878 terminos
689 1813 764 1878 bene
791 1785 926 1890 noverat,
950 1788 1056 1902 quique
1084 1837 1139 1880 nos
1165 1818 1236 1878 inire
1263 1817 1339 1878 viam
1365 1813 1421 1877 do-

312 1936 403 2014 cebit,
437 1937 550 2004 Michas
584 1939 630 2002 ille
663 1938 876 2003 Moroshtaeus.
937 1938 964 2002 Is
1001 1943 1116 2028 utique,
1150 1961 1240 2028 quum
1273 1939 1420 2015 tochone,

311 2062 425 2140 liboso,
455 2076 485 2128 et
506 2063 607 2128 Hislria
630 2063 818 2150 regnantibus
845 2035 1006 2152 prophetae
1033 2087 1151 2130 memore
1179 2063 1362 2151 fungeremur,
1390 2067 1422 2128 iu

311 2189 443 2254 manibus
472 2189 579 2254 habere
600 2191 698 2276 potuit
720 2188 884 2254 absolutum
912 2188 983 2253 illud
1005 2189 1181 2254 Jasharanae
1209 2211 1332 2278 poeseos
1354 2211 1420 2252 cor-

310 2332 381 2402 pus,
406 2335 458 2379 nec
480 2313 579 2401 plures
602 2314 649 2378 alii
670 2313 749 2389 libri,
775 2316 859 2400 cujus
881 2313 971 2378 verba
992 2318 1023 2377 in
1049 2337 1118 2379 suos
1146 2337 1217 2378 usus
1240 2313 1419 2389 transferret,

311 2454 380 2506 tunc
403 2441 542 2525 temporis
566 2437 729 2503 exstabant
760 2439 825 2504 Jarn
847 2462 917 2504 vero
934 2443 1124 2504 certisdmum
1147 2453 1191 2505 est
1204 2438 1331 2504 Micham
1353 2461 1420 2502 rer·-

310 2565 400 2630 batim
423 2567 609 2652 exscripsisse
632 2559 676 2647 (l,
695 2560 752 2646 10)
775 2575 964 2651 paronomast
964 2567 1037 2628 icam
1059 2565 1136 2630 illem
1151 2564 1327 2630 Jashareraae
1349 2587 1419 2628 nae·

310 2695 373 2755 nae
396 2689 554 2754 canuam
577 2685 616 2772 (a
633 2688 711 2754 Sam.
729 2689 757 2764 r,
780 2685 859 2771 aon
831 2685 1008 2784 >rerin-
993 2665 1069 2780 -es
1092 2692 1181 2781 epp,
1215 2689 1253 2754 n
1276 2687 1360 2754 aare
1381 2711 1421 2752 „e

310 2816 467 2880 morietis.
504 2813 591 2878 Praet
579 2827 657 2877 terea
680 2813 783 2878 alludit
804 2813 842 2878 ad
864 2813 982 2880 Bileami
1003 2819 1170 2880 vaticinium
1194 2810 1255 2898 (Vl,
1272 2810 1315 2897 5)
1341 2813 1420 2902 quod

311 2943 433 3028 quisque
455 2939 513 3002 huc
535 2938 692 3015 rettulerit,
717 2951 746 3002 et
767 2939 903 3027 frequem
926 2954 970 3005 est
991 2943 1022 3004 in
1045 2940 1159 3006 citando
1182 2937 1417 3014 Deuteronomio,

311 3064 400 3153 quod,
423 3077 458 3130 ut
479 3062 649 3140 ridebimus,
673 3065 743 3128 locis
767 3086 782 3128 e
804 3064 965 3130 Jasharano
987 3065 1062 3130 libro
1086 3068 1238 3151 exscriptis
1264 3043 1419 3128 maximam

309 3202 422 3276 partem
445 3188 610 3254 conlectum
630 3202 682 3254 est
729 3189 768 3254 Et
790 3189 870 3278 quod
897 3193 1051 3277 praecipue
1073 3190 1164 3266 valet,
1188 3192 1252 3276 ipso
1275 3187 1418 3253 vocabulo

310 3311 383 3385 idib
404 3318 446 3378 ita
466 3319 559 3380 utitur
581 3310 654 3398 (Vll,
679 3310 722 3397 2),
745 3327 780 3379 ut
802 3318 852 3402 qui
875 3315 912 3380 ad
934 3319 1073 3402 principia
1095 3319 1188 3380 nostri
1208 3315 1275 3380 libri
1297 3315 1418 3378 lectores

310 3459 380 3504 suos
403 3439 572 3505 amandatos
594 3439 672 3504 velit.

399 3565 464 3630 Tali
492 3569 610 3630 testium
638 3588 672 3629 ac
700 3566 931 3630 testimoniorum
957 3564 1007 3628 iilo
1035 3563 1178 3630 adductus
1205 3565 1316 3630 Εὸηιηι
1338 3563 1418 3627 Pro·

310 3691 411 3755 birotis
432 3691 653 3755 instaurandum
676 3693 798 3776 suscepi
835 3689 941 3766 Quem,
966 3691 991 3754 si
1012 3711 1112 3754 verum
1133 3689 1232 3765 rideo,
1255 3693 1285 3752 in
1308 3700 1418 3774 septem

308 3827 407 3902 partes
431 3815 602 3881 distribuere
624 3815 730 3892 licebit,
755 3837 877 3902 quarm
894 3837 1003 3900 premo
1023 3817 1171 3878 notionem
1191 3813 1325 3880 vocabuli
1346 3819 1418 3882 W*

310 3941 449 4028 explicat3
470 3942 606 4006 eomodo
621 3939 706 4004 docet
729 3951 906 4027 quapropter
926 3912 1054 4044 hee-rep
1076 3942 1115 4004 sit
1136 3938 1306 4028 adoptatus3
1329 3891 1419 4002 tertid

309 4066 436 4132 ostendit
470 4063 713 4154 quemadmodum
746 4087 817 4152 gens
851 4065 942 4128 electa
973 4019 1209 4152 tranquillitatem
1244 4066 1417 4151 promissam

309 4204 394 4256 nacta
428 4194 481 4268 sit3
510 4201 622 4278 quarto
652 4191 779 4254 continet
812 4202 967 4277 praecepta
997 4189 1165 4275 probitatis3
1194 4190 1301 4276 quicto
1327 4187 1417 4253 bene·

309 4314 448 4380 dictiones
472 4328 500 4378 et
525 4327 612 4380 secto
632 4314 797 4402 triumphos
819 4313 931 4380 Israelis
954 4314 1116 4402 praedicam
1143 4315 1273 4400 septimo
1295 4313 1417 4400 denique

308 4439 427 4504 Doridis
450 4451 480 4503 et
501 4437 667 4504 Solomonis
690 4439 822 4505 fortunas
846 4443 929 4528 quasi
949 4451 1115 4526 praesentes
1137 4437 1301 4504 adumbret
