3160 5170
689 361 762 434 167

618 463 829 476 --m-——u

164 584 326 637 creatorem
348 572 466 649 mundi,
496 572 550 636 sed
571 585 713 661 tanquam
734 574 932 640 Israelitarum
954 573 1140 641 liberatorem
1163 575 1287 642 inducit.

163 694 231 761 Non
260 696 433 783 profitetur:
463 697 547 784 »Ego
571 697 652 762 Deus
682 720 764 774 sum,
794 701 847 785 qui
875 703 971 763 creavi
1000 712 1093 764 terras
1121 713 1150 764 et
1173 701 1286 766 coelum

164 844 218 886 sex
240 820 382 900 diebus«;
411 822 478 886 sed:
507 821 591 909 »Ego
616 822 731 887 lehova
753 845 836 899 sum,
860 823 941 888 Deus
966 834 1044 905 eccs,
1070 827 1122 911 qui
1144 824 1235 890 eduxi
1258 836 1287 890 tc

165 970 179 1011 e
203 946 293 1010 domo
318 949 500 1012 servitutis«
541 947 711 1023 Praeterea,
735 946 888 1012 Exodieus
913 948 960 1011 ille
983 946 1080 1013 editor
1103 951 1145 1012 sie
1167 952 1285 1036 incipit:

164 1072 338 1136 »Memento
355 1063 471 1174 (ἾἸὫΣ)
496 1069 635 1149 Sabbati,
660 1073 799 1137 utillum
823 1072 900 1136 diem
922 1072 1114 1149 sanctifices«,
1140 1085 1286 1138 ettamen

162 1196 273 1260 nullam
296 1201 602 1262 commemorationem
626 1219 692 1262 cum
714 1198 763 1262 illa
778 1197 1008 1262 sanctificatione
1024 1198 1192 1284 conjungit,
1216 1220 1285 1262 nam

162 1324 271 1387 erectio
302 1321 405 1386 mundi
433 1344 494 1386 non
523 1335 568 1386 est
589 1323 739 1410 relligiosa
762 1326 781 1386 i.
799 1345 823 1386 e.
848 1321 1004 1388 Israelitiea
1028 1326 1284 1400 commemoratio;

162 1468 243 1534 ergo,
268 1445 307 1510 ad
329 1446 476 1533 populum
500 1447 624 1512 electum
647 1421 803 1512 dumtaxat
824 1450 970 1535 pertinere
985 1470 1046 1512 non
1062 1450 1172 1534 potuit.
1203 1447 1285 1514 Deu-

85 1552 90 1557 .
161 1574 362 1637 teronomicus
386 1585 484 1636 autem
507 1575 549 1636 sie
572 1575 689 1659 incipit:
714 1571 873 1638 »Observa
890 1564 1032 1675 (timp)
1057 1570 1133 1637 diem
1149 1570 1282 1650 sabbati,

161 1710 197 1762 ut
218 1695 381 1761 sanctifices
405 1718 486 1773 eum,
510 1697 589 1762 ecce
604 1699 770 1784 praecepit
790 1697 845 1762 tibi
859 1695 980 1764 Jetova
993 1697 1083 1762 Deus
1105 1707 1204 1762 tuos.«
1239 1697 1284 1762 lbi

160 1821 305 1887 habemus
330 1821 505 1887 discriminis
528 1835 643 1900 notam,
670 1845 744 1911 quae
762 1845 828 1888 cum
845 1822 986 1909 singulari
1001 1823 1197 1888 lsraelitarum
1212 1845 1284 1888 oon·

163 1947 274 2012 ditione
297 1950 481 2024 conveniret,
507 1970 582 2036 quae
605 1952 739 2034 ipsorum
763 1951 876 2014 animos
901 1947 939 2011 ad
961 1949 1124 2014 mirandam
1138 1947 1193 2014 Dei
1210 1971 1282 2035 pro-

161 2072 321 2138 videntiam
343 2072 510 2149 reduceret,
543 2095 602 2160 qua
630 2072 667 2136 ab
691 2073 876 2160 Aegyptiace
900 2078 1042 2139 servitute
1064 2079 1095 2140 in
1118 2059 1282 2140 libertatem

160 2199 370 2264 theoeraticam
393 2197 532 2262 vindicati
557 2210 663 2264 essent.

250 2322 291 2389 Ut
313 2336 422 2390 ceteras
447 2345 555 2410 easque
578 2326 706 2388 minores
731 2322 856 2389 duarum
875 2327 1045 2388 versionum
1070 2324 1281 2413 discrepantias

160 2449 391 2538 perpendamus,
416 2462 603 2536 penetremus
626 2470 744 2514 necesse
768 2462 813 2513 est
835 2452 864 2512 in
888 2453 984 2536 ipsam
1007 2448 1176 2514 coelestium
1198 2471 1281 2514 man·

161 2577 300 2642 datorum
321 2578 466 2640 rationem
490 2587 519 2639 et
541 2573 724 2639 methodum.

250 2700 284 2767 si
313 2699 444 2765 debitum
473 2699 614 2788 relligiosi
643 2700 771 2764 hominis
802 2696 931 2763 officium
955 2696 1011 2762 suh
1035 2699 1113 2762 clara
1137 2667 1286 2764 Christiass

159 2830 247 2894 numi
268 2827 333 2891 luce
355 2825 595 2912 contemplamur,
620 2847 655 2889 eo
671 2835 813 2901 tenemur,
839 2836 893 2890 »ut
908 2823 1086 2911 abnegantes
1101 2828 1280 2912 impietatem

160 2966 190 3018 et
217 2951 380 3016 mundanas
409 2950 546 3016 libidines
574 2951 675 3015 sobrie
704 2962 734 3014 et
758 2952 844 3033 yiestc
872 2962 901 3014 et
929 2951 985 3035 pie
1014 2953 1169 3014 vivamus«
1198 2945 1285 3046 (Tit,

158 3074 283 3159 11‚12),
307 3077 429 3154 scilieet,
454 3089 490 3140 ut
512 3078 647 3140 vivamus
671 3072 860 3159 σωφρόνως,
888 3088 1009 3140 nostros
1032 3077 1166 3162 ipsorum
1190 3097 1280 3163 appe-

158 3206 232 3268 titus
247 3214 452 3288 temperantes,
479 3199 623 3277 δικαίως,
648 3201 773 3264 aliorum
789 3198 944 3264 commodo
962 3203 1163 3278 inservientes,
1188 3197 1279 3266 scioe-

158 3326 237 3410 βῶς,
265 3327 361 3392 Deum
389 3326 528 3391 colentes.
576 3323 713 3392 Christus
741 3329 817 3388 enim
841 3324 944 3389 docuit
966 3347 1051 3390 omne
1074 3337 1235 3412 peccatum·
1248 3331 1279 3391 in

160 3451 249 3519 eorde
271 3452 400 3516 hominis
429 3453 664 3540 uniuscujusque
689 3453 775 3526 oriri,
805 3451 847 3514 ita
870 3462 904 3512 ut
926 3451 950 3512 is
975 3452 1014 3513 sit
1036 3449 1113 3513 illico
1137 3450 1278 3514 moechus

159 3582 191 3642 in
220 3577 307 3642 corde
336 3599 407 3654 suo,
440 3580 492 3664 qui
521 3576 566 3640 vel
591 3576 698 3640 viderit
726 3574 876 3637 mulierem
904 3596 970 3638 curn
999 3574 1146 3662 impudica
1170 3597 1278 3640 coneu-

158 3705 302 3790 piseentia
322 3697 441 3784 (Matth.
455 3699 493 3778 V,
511 3698 577 3783 28).
612 3700 675 3766 Sed
696 3700 768 3764 haec
790 3703 900 3786 peceati
924 3703 1008 3764 notio
1033 3698 1200 3765 abstrusior
1223 3713 1276 3778 est,

160 3849 249 3915 qnam
278 3848 352 3915 quae
381 3849 435 3912 per
463 3825 580 3890 tabulas
610 3825 740 3912 lapideas
770 3826 887 3888 incultis
910 3825 1107 3892 Israeliterum
1129 3825 1277 3891 mentibus

157 3963 386 4038 proponeretur.
428 3949 512 4016 Satis
536 3950 643 4018 habuit
664 3951 774 4027 Moses,
802 3972 890 4035 quem
913 3950 1030 4016 afflatus
1054 3952 1187 4019 coelestis
1211 3953 1278 4016 illu-

158 4079 296 4153 minavit,
326 4079 357 4140 in
385 4078 450 4140 istis
477 4074 585 4140 tabulis
610 4075 756 4162 duplicem
778 4075 939 4163 relligionis
963 4081 1111 4142 materiem
1136 4077 1276 4165 digerere.

157 4203 190 4268 ln
212 4203 313 4288 priore
337 4203 428 4289 igitur
444 4202 594 4286 pietatem
617 4200 724 4265 diserte
748 4199 859 4266 docuit.
891 4201 924 4264 ln
940 4201 1031 4266 altera
1044 4203 1209 4285 justitiane.
1243 4203 1276 4267 In

158 4327 207 4392 illa
230 4325 376 4403 ostendit,
400 4326 553 4413 quomodo
573 4326 669 4392 Deum
692 4349 725 4391 ae
748 4340 884 4414 parentes
907 4339 1028 4390 nostros
1053 4326 1147 4392 colere
1171 4326 1278 4392 debea-

157 4474 233 4516 mus.
263 4451 296 4516 lu
311 4451 376 4529 hac,
394 4452 546 4539 quomodo
562 4451 663 4517 alienis
680 4451 778 4518 debita
795 4451 891 4516 officia
906 4465 1099 4539 praestemus,
1118 4476 1276 4522 noceamus
