<?xml version="1.0" encoding="UTF-8"?>
<!DOCTYPE html PUBLIC "-//W3C//DTD XHTML 1.0 Transitional//EN"
    "http://www.w3.org/TR/xhtml1/DTD/xhtml1-transitional.dtd">
<html xmlns="http://www.w3.org/1999/xhtml" xml:lang="en" lang="en">
 <head>
  <title>
</title>
<meta http-equiv="Content-Type" content="text/html;charset=utf-8" />
  <meta name='ocr-system' content='tesseract 3.04.00' />
  <meta name='ocr-capabilities' content='ocr_page ocr_carea ocr_par ocr_line ocrx_word'/>
</head>
<body>
  <div class='ocr_page' id='page_1' title='image "./jasharfragmenta00donagoog_0404.png"; bbox 0 0 3172 5186; ppageno 0'>
   <div class='ocr_carea' id='block_1_1' title="bbox 611 369 821 482">
    <p class='ocr_par' dir='ltr' id='par_1_1' title="bbox 611 369 821 482">
     <span class='ocr_line' id='line_1_1' title="bbox 611 369 821 482; baseline 0 -39"><span class='ocrx_word' id='word_1_1' title='bbox 611 369 821 482; x_wconf 56' lang='lat' dir='ltr'><strong>..i-⁶⁷..</strong></span> 
     </span>
    </p>
   </div>
   <div class='ocr_carea' id='block_1_2' title="bbox 163 577 1278 1294">
    <p class='ocr_par' dir='ltr' id='par_1_2' title="bbox 163 577 1278 1294">
     <span class='ocr_line' id='line_1_2' title="bbox 163 577 1278 668; baseline -0.003 -22"><span class='ocrx_word' id='word_1_2' title='bbox 163 579 308 647; x_wconf 84' lang='lat' dir='ltr'><strong>humanae</strong></span> <span class='ocrx_word' id='word_1_3' title='bbox 335 591 457 646; x_wconf 90' lang='lat' dir='ltr'><strong>naturae</strong></span> <span class='ocrx_word' id='word_1_4' title='bbox 486 582 668 668; x_wconf 75' lang='lat' dir='ltr'><strong>corruptela,</strong></span> <span class='ocrx_word' id='word_1_5' title='bbox 693 583 777 667; x_wconf 88' lang='lat' dir='ltr'><strong>cujus</strong></span> <span class='ocrx_word' id='word_1_6' title='bbox 805 584 836 646; x_wconf 89' lang='lat' dir='ltr'><strong>in</strong></span> <span class='ocrx_word' id='word_1_7' title='bbox 864 581 943 646; x_wconf 91' lang='lat' dir='ltr'><strong>hunc</strong></span> <span class='ocrx_word' id='word_1_8' title='bbox 966 601 1060 668; x_wconf 86' lang='lat' dir='ltr'><strong>usquc</strong></span> <span class='ocrx_word' id='word_1_9' title='bbox 1083 579 1157 646; x_wconf 87' lang='lat' dir='ltr'><strong>diem</strong></span> <span class='ocrx_word' id='word_1_10' title='bbox 1185 577 1278 666; x_wconf 87' lang='lat' dir='ltr'><strong>pudet</strong></span> 
     </span>
     <span class='ocr_line' id='line_1_3' title="bbox 164 703 1278 795; baseline -0.003 -23"><span class='ocrx_word' id='word_1_11' title='bbox 164 703 314 780; x_wconf 86' lang='lat' dir='ltr'><strong>homines,</strong></span> <span class='ocrx_word' id='word_1_12' title='bbox 339 708 574 794; x_wconf 80' lang='lat' dir='ltr'><strong>intuentiumque</strong></span> <span class='ocrx_word' id='word_1_13' title='bbox 596 704 699 773; x_wconf 88' lang='lat' dir='ltr'><strong>oculo&#39;s</strong></span> <span class='ocrx_word' id='word_1_14' title='bbox 723 704 921 795; x_wconf 73' lang='lat' dir='ltr'><strong>erubescendo</strong></span> <span class='ocrx_word' id='word_1_15' title='bbox 945 704 1092 772; x_wconf 78' lang='lat' dir='ltr'><strong>devitant:</strong></span> <span class='ocrx_word' id='word_1_16' title='bbox 1115 717 1219 791; x_wconf 89' lang='lat' dir='ltr'><strong>atque,</strong></span> <span class='ocrx_word' id='word_1_17' title='bbox 1242 716 1278 770; x_wconf 93' lang='lat' dir='ltr'><strong>ut</strong></span> 
     </span>
     <span class='ocr_line' id='line_1_4' title="bbox 163 830 1276 920; baseline -0.001 -25"><span class='ocrx_word' id='word_1_18' title='bbox 163 831 261 920; x_wconf 86' lang='lat' dir='ltr'><strong>inquit</strong></span> <span class='ocrx_word' id='word_1_19' title='bbox 283 830 479 918; x_wconf 82' lang='lat' dir='ltr'><strong>Augustinus,</strong></span> <span class='ocrx_word' id='word_1_20' title='bbox 500 831 605 918; x_wconf 76' lang='lat' dir='ltr'><strong>Mopc&#39;a</strong></span> <span class='ocrx_word' id='word_1_21' title='bbox 618 830 689 920; x_wconf 83' lang='lat' dir='ltr'><strong>sert</strong></span> <span class='ocrx_word' id='word_1_22' title='bbox 708 830 798 898; x_wconf 77' lang='lat' dir='ltr'><strong>lonso</strong></span> <span class='ocrx_word' id='word_1_23' title='bbox 820 831 1021 918; x_wconf 70' lang='lat' dir='ltr'><strong>spectantium</strong></span> <span class='ocrx_word' id='word_1_24' title='bbox 1042 830 1276 911; x_wconf 66' lang='lat' dir='ltr'><strong>multitudinem</strong></span> 
     </span>
     <span class='ocr_line' id='line_1_5' title="bbox 165 955 1277 1045; baseline 0.003 -26"><span class='ocrx_word' id='word_1_25' title='bbox 165 955 290 1043; x_wconf 76' lang='lat' dir='ltr'><strong>pacando</strong></span> <span class='ocrx_word' id='word_1_26' title='bbox 311 957 422 1040; x_wconf 76' lang='lat' dir='ltr'><strong>inyisste</strong></span> <span class='ocrx_word' id='word_1_27' title='bbox 449 957 593 1022; x_wconf 79' lang='lat' dir='ltr'><strong>irascitur</strong></span> <span class='ocrx_word' id='word_1_28' title='bbox 620 955 751 1040; x_wconf 68' lang='lat' dir='ltr'><strong>decom,</strong></span> <span class='ocrx_word' id='word_1_29' title='bbox 776 979 870 1044; x_wconf 82' lang='lat' dir='ltr'><strong>qoam</strong></span> <span class='ocrx_word' id='word_1_30' title='bbox 892 956 940 1021; x_wconf 83' lang='lat' dir='ltr'><strong>cel</strong></span> <span class='ocrx_word' id='word_1_31' title='bbox 962 957 1054 1022; x_wconf 74' lang='lat' dir='ltr'><strong>amics</strong></span> <span class='ocrx_word' id='word_1_32' title='bbox 1076 965 1277 1045; x_wconf 72' lang='lat' dir='ltr'><strong>conspectura,</strong></span> 
     </span>
     <span class='ocr_line' id='line_1_6' title="bbox 165 1079 1278 1170; baseline 0 -24"><span class='ocrx_word' id='word_1_33' title='bbox 165 1080 290 1168; x_wconf 75' lang='lat' dir='ltr'><strong>quondo</strong></span> <span class='ocrx_word' id='word_1_34' title='bbox 304 1083 389 1165; x_wconf 65' lang='lat' dir='ltr'><strong>picata</strong></span> <span class='ocrx_word' id='word_1_35' title='bbox 408 1083 551 1148; x_wconf 57' lang='lat' dir='ltr'><strong>mucelam</strong></span> <span class='ocrx_word' id='word_1_36' title='bbox 564 1082 665 1148; x_wconf 69' lang='lat' dir='ltr'><strong>most.</strong></span> <span class='ocrx_word' id='word_1_37' title='bbox 695 1079 739 1146; x_wconf 90' lang='lat' dir='ltr'><strong>De</strong></span> <span class='ocrx_word' id='word_1_38' title='bbox 761 1081 807 1148; x_wconf 82' lang='lat' dir='ltr'><strong>lais</strong></span> <span class='ocrx_word' id='word_1_39' title='bbox 831 1079 914 1169; x_wconf 90' lang='lat' dir='ltr'><strong>quod</strong></span> <span class='ocrx_word' id='word_1_40' title='bbox 937 1094 1081 1170; x_wconf 78' lang='lat' dir='ltr'><strong>superest,</strong></span> <span class='ocrx_word' id='word_1_41' title='bbox 1099 1093 1197 1147; x_wconf 89' lang='lat' dir='ltr'><strong>manet</strong></span> <span class='ocrx_word' id='word_1_42' title='bbox 1219 1080 1278 1146; x_wconf 90' lang='lat' dir='ltr'><strong>alta</strong></span> 
     </span>
     <span class='ocr_line' id='line_1_7' title="bbox 164 1205 881 1294; baseline 0 -22"><span class='ocrx_word' id='word_1_43' title='bbox 164 1217 261 1272; x_wconf 87' lang='lat' dir='ltr'><strong>mente</strong></span> <span class='ocrx_word' id='word_1_44' title='bbox 282 1218 445 1292; x_wconf 85' lang='lat' dir='ltr'><strong>repostum,</strong></span> <span class='ocrx_word' id='word_1_45' title='bbox 469 1205 562 1273; x_wconf 88' lang='lat' dir='ltr'><strong>donec</strong></span> <span class='ocrx_word' id='word_1_46' title='bbox 584 1218 680 1272; x_wconf 89' lang='lat' dir='ltr'><strong>tecum</strong></span> <span class='ocrx_word' id='word_1_47' title='bbox 704 1205 881 1294; x_wconf 70' lang='lat' dir='ltr'><strong>colloquens</strong></span> 
     </span>
    </p>
   </div>
   <div class='ocr_carea' id='block_1_3' title="bbox 502 1418 941 1488">
    <p class='ocr_par' dir='ltr' id='par_1_3' title="bbox 502 1418 941 1488">
     <span class='ocr_line' id='line_1_8' title="bbox 502 1418 941 1488; baseline -0.007 -1"><span class='ocrx_word' id='word_1_48' title='bbox 502 1421 552 1487; x_wconf 88' lang='lat' dir='ltr'><strong>Vl.</strong></span> <span class='ocrx_word' id='word_1_49' title='bbox 581 1418 798 1488; x_wconf 80' lang='lat' dir='ltr'>ROBERTUS</span> <span class='ocrx_word' id='word_1_50' title='bbox 826 1419 941 1486; x_wconf 82' lang='lat' dir='ltr'><strong>FLUD.</strong></span> 
     </span>
    </p>
   </div>
   <div class='ocr_carea' id='block_1_4' title="bbox 164 1576 1469 4418">
    <p class='ocr_par' dir='ltr' id='par_1_4' title="bbox 164 1576 1461 4418">
     <span class='ocr_line' id='line_1_9' title="bbox 254 1576 1277 1668; baseline -0.002 -22"><span class='ocrx_word' id='word_1_51' title='bbox 254 1579 404 1668; x_wconf 73' lang='lat' dir='ltr'><strong>Agrippae</strong></span> <span class='ocrx_word' id='word_1_52' title='bbox 432 1584 575 1646; x_wconf 89' lang='lat' dir='ltr'><strong>rationem</strong></span> <span class='ocrx_word' id='word_1_53' title='bbox 608 1583 784 1648; x_wconf 79' lang='lat' dir='ltr'><strong>instauravit</strong></span> <span class='ocrx_word' id='word_1_54' title='bbox 811 1579 963 1646; x_wconf 86' lang='lat' dir='ltr'><strong>Robertus</strong></span> <span class='ocrx_word' id='word_1_55' title='bbox 990 1579 1068 1646; x_wconf 82' lang='lat' dir='ltr'><strong>Flud</strong></span> <span class='ocrx_word' id='word_1_56' title='bbox 1096 1579 1143 1645; x_wconf 83' lang='lat' dir='ltr'><strong>rel</strong></span> <span class='ocrx_word' id='word_1_57' title='bbox 1170 1576 1277 1656; x_wconf 83' lang='lat' dir='ltr'><strong>Flodd,</strong></span> 
     </span>
     <span class='ocr_line' id='line_1_10' title="bbox 164 1703 1279 1794; baseline 0.002 -24"><span class='ocrx_word' id='word_1_58' title='bbox 164 1703 341 1781; x_wconf 74' lang='lat' dir='ltr'><strong>Britannus,</strong></span> <span class='ocrx_word' id='word_1_59' title='bbox 370 1707 422 1793; x_wconf 89' lang='lat' dir='ltr'><strong>qui</strong></span> <span class='ocrx_word' id='word_1_60' title='bbox 445 1703 580 1772; x_wconf 85' lang='lat' dir='ltr'><strong>Oxoniae</strong></span> <span class='ocrx_word' id='word_1_61' title='bbox 606 1709 737 1772; x_wconf 88' lang='lat' dir='ltr'><strong>nutritus</strong></span> <span class='ocrx_word' id='word_1_62' title='bbox 764 1707 923 1772; x_wconf 74' lang='lat' dir='ltr'><strong>medicinae</strong></span> <span class='ocrx_word' id='word_1_63' title='bbox 953 1728 1070 1794; x_wconf 89' lang='lat' dir='ltr'><strong>operam</strong></span> <span class='ocrx_word' id='word_1_64' title='bbox 1092 1708 1213 1770; x_wconf 87' lang='lat' dir='ltr'><strong>navavit</strong></span> <span class='ocrx_word' id='word_1_65' title='bbox 1234 1708 1279 1772; x_wconf 92' lang='lat' dir='ltr'><strong>iu·</strong></span> 
     </span>
     <span class='ocr_line' id='line_1_11' title="bbox 166 1777 1469 1919; baseline 0 -25"><span class='ocrx_word' id='word_1_66' title='bbox 166 1841 253 1896; x_wconf 88' lang='lat' dir='ltr'><strong>eunte</strong></span> <span class='ocrx_word' id='word_1_67' title='bbox 275 1829 582 1908; x_wconf 77' lang='lat' dir='ltr'><strong>saeculclffifl&#39;dmo,</strong></span> <span class='ocrx_word' id='word_1_68' title='bbox 606 1845 645 1907; x_wconf 86' lang='lat' dir='ltr'><strong>et,</strong></span> <span class='ocrx_word' id='word_1_69' title='bbox 662 1853 752 1919; x_wconf 86' lang='lat' dir='ltr'><strong>quom</strong></span> <span class='ocrx_word' id='word_1_70' title='bbox 776 1830 871 1898; x_wconf 84' lang='lat' dir='ltr'><strong>iactus</strong></span> <span class='ocrx_word' id='word_1_71' title='bbox 895 1843 972 1898; x_wconf 84' lang='lat' dir='ltr'><strong>esset</strong></span> <span class='ocrx_word' id='word_1_72' title='bbox 988 1830 1133 1896; x_wconf 87' lang='lat' dir='ltr'><strong>Hermetis</strong></span> <span class='ocrx_word' id='word_1_73' title='bbox 1150 1830 1280 1896; x_wconf 86' lang='lat' dir='ltr'><strong>Trisma·</strong></span> <span class='ocrx_word' id='word_1_74' title='bbox 1325 1823 1364 1900; x_wconf 64' lang='grc' dir='ltr'>Χ</span> <span class='ocrx_word' id='word_1_75' title='bbox 1377 1817 1436 1894; x_wconf 75' lang='lat' dir='ltr'><strong>Vl</strong></span> <span class='ocrx_word' id='word_1_76' title='bbox 1438 1777 1469 1863; x_wconf 37' lang='lat'><strong>&#39;²</strong></span> 
     </span>
     <span class='ocr_line' id='line_1_12' title="bbox 166 1952 1278 2043; baseline -0.001 -23"><span class='ocrx_word' id='word_1_77' title='bbox 166 1957 235 2043; x_wconf 75' lang='lat' dir='ltr'><strong>gisti</strong></span> <span class='ocrx_word' id='word_1_78' title='bbox 252 1952 424 2042; x_wconf 88' lang='lat' dir='ltr'><strong>discipulus,</strong></span> <span class='ocrx_word' id='word_1_79' title='bbox 448 1968 477 2021; x_wconf 92' lang='lat' dir='ltr'><strong>ct</strong></span> <span class='ocrx_word' id='word_1_80' title='bbox 494 1955 598 2022; x_wconf 88' lang='lat' dir='ltr'><strong>Crucis</strong></span> <span class='ocrx_word' id='word_1_81' title='bbox 614 1955 728 2021; x_wconf 87' lang='lat' dir='ltr'><strong>Roseae</strong></span> <span class='ocrx_word' id='word_1_82' title='bbox 744 1959 864 2022; x_wconf 88' lang='lat' dir='ltr'><strong>scicntia</strong></span> <span class='ocrx_word' id='word_1_83' title='bbox 883 1978 913 2022; x_wconf 86' lang='lat' dir='ltr'><strong>se</strong></span> <span class='ocrx_word' id='word_1_84' title='bbox 929 1955 1091 2033; x_wconf 86' lang='lat' dir='ltr'><strong>imbuisset,</strong></span> <span class='ocrx_word' id='word_1_85' title='bbox 1115 1958 1191 2020; x_wconf 89' lang='lat' dir='ltr'><strong>inter</strong></span> <span class='ocrx_word' id='word_1_86' title='bbox 1213 1955 1278 2029; x_wconf 89' lang='lat' dir='ltr'><strong>alia,</strong></span> 
     </span>
     <span class='ocr_line' id='line_1_13' title="bbox 167 2077 1278 2169; baseline -0.001 -25"><span class='ocrx_word' id='word_1_87' title='bbox 167 2099 242 2168; x_wconf 87' lang='lat' dir='ltr'><strong>quae</strong></span> <span class='ocrx_word' id='word_1_88' title='bbox 265 2082 440 2166; x_wconf 88' lang='lat' dir='ltr'><strong>conscripsit</strong></span> <span class='ocrx_word' id='word_1_89' title='bbox 462 2103 567 2169; x_wconf 88' lang='lat' dir='ltr'><strong>opera,</strong></span> <span class='ocrx_word' id='word_1_90' title='bbox 592 2080 697 2158; x_wconf 85' lang='lat' dir='ltr'><strong>edidit,</strong></span> <span class='ocrx_word' id='word_1_91' title='bbox 722 2079 778 2146; x_wconf 91' lang='lat' dir='ltr'><strong>suh</strong></span> <span class='ocrx_word' id='word_1_92' title='bbox 801 2081 870 2146; x_wconf 88' lang='lat' dir='ltr'><strong>ficto</strong></span> <span class='ocrx_word' id='word_1_93' title='bbox 894 2083 1012 2146; x_wconf 88' lang='lat' dir='ltr'><strong>nomine</strong></span> <span class='ocrx_word' id='word_1_94' title='bbox 1032 2079 1153 2146; x_wconf 80' lang='lat' dir='ltr'><strong>Rudotti</strong></span> <span class='ocrx_word' id='word_1_95' title='bbox 1177 2077 1278 2154; x_wconf 89' lang='lat' dir='ltr'><strong>Otreb,</strong></span> 
     </span>
     <span class='ocr_line' id='line_1_14' title="bbox 169 2203 1282 2292; baseline 0.001 -20"><span class='ocrx_word' id='word_1_96' title='bbox 169 2205 346 2272; x_wconf 68' lang='lat' dir='ltr'><strong>Tractatum</strong></span> <span class='ocrx_word' id='word_1_97' title='bbox 369 2203 798 2292; x_wconf 72' lang='lat' dir='ltr'><strong>Tlseclopc-Plsilcsopliccm</strong></span> <span class='ocrx_word' id='word_1_98' title='bbox 819 2206 857 2271; x_wconf 84' lang='lat' dir='ltr'><strong>de</strong></span> <span class='ocrx_word' id='word_1_99' title='bbox 879 2207 951 2282; x_wconf 83' lang='lat' dir='ltr'><strong>cito,</strong></span> <span class='ocrx_word' id='word_1_100' title='bbox 974 2216 1072 2270; x_wconf 83' lang='lat' dir='ltr'><strong>morte</strong></span> <span class='ocrx_word' id='word_1_101' title='bbox 1085 2215 1124 2272; x_wconf 82' lang='lat' dir='ltr'><strong>et</strong></span> <span class='ocrx_word' id='word_1_102' title='bbox 1143 2227 1282 2275; x_wconf 62' lang='lat' dir='ltr'><strong>recurre.</strong></span> 
     </span>
     <span class='ocr_line' id='line_1_15' title="bbox 167 2329 1281 2420; baseline -0.002 -24"><span class='ocrx_word' id='word_1_103' title='bbox 167 2330 275 2412; x_wconf 81' lang='lat' dir='ltr'><strong>ctione,</strong></span> <span class='ocrx_word' id='word_1_104' title='bbox 291 2351 352 2420; x_wconf 88' lang='lat' dir='ltr'><strong>quo</strong></span> <span class='ocrx_word' id='word_1_105' title='bbox 376 2329 576 2396; x_wconf 85' lang='lat' dir='ltr'><strong>demonstrare</strong></span> <span class='ocrx_word' id='word_1_106' title='bbox 599 2343 722 2396; x_wconf 89' lang='lat' dir='ltr'><strong>conatus</strong></span> <span class='ocrx_word' id='word_1_107' title='bbox 746 2343 791 2396; x_wconf 92' lang='lat' dir='ltr'><strong>est</strong></span> <span class='ocrx_word' id='word_1_108' title='bbox 813 2333 947 2418; x_wconf 71' lang='lat' dir='ltr'><strong>comonis</strong></span> <span class='ocrx_word' id='word_1_109' title='bbox 971 2351 1098 2394; x_wconf 89' lang='lat' dir='ltr'><strong>amorem</strong></span> <span class='ocrx_word' id='word_1_110' title='bbox 1121 2344 1152 2395; x_wconf 85' lang='lat' dir='ltr'><strong>et</strong></span> <span class='ocrx_word' id='word_1_111' title='bbox 1173 2351 1281 2395; x_wconf 88' lang='lat' dir='ltr'><strong>eoncu-</strong></span> 
     </span>
     <span class='ocr_line' id='line_1_16' title="bbox 167 2453 1281 2544; baseline -0.002 -24"><span class='ocrx_word' id='word_1_112' title='bbox 167 2457 326 2544; x_wconf 89' lang='lat' dir='ltr'><strong>piacentiac</strong></span> <span class='ocrx_word' id='word_1_113' title='bbox 349 2455 471 2520; x_wconf 88' lang='lat' dir='ltr'><strong>earnalis</strong></span> <span class='ocrx_word' id='word_1_114' title='bbox 495 2455 626 2521; x_wconf 86' lang='lat' dir='ltr'><strong>effectum</strong></span> <span class='ocrx_word' id='word_1_115' title='bbox 650 2477 752 2520; x_wconf 89' lang='lat' dir='ltr'><strong>causas</strong></span> <span class='ocrx_word' id='word_1_116' title='bbox 775 2454 866 2520; x_wconf 89' lang='lat' dir='ltr'><strong>luisse</strong></span> <span class='ocrx_word' id='word_1_117' title='bbox 889 2455 989 2542; x_wconf 87' lang='lat' dir='ltr'><strong>lapsus</strong></span> <span class='ocrx_word' id='word_1_118' title='bbox 1005 2454 1112 2520; x_wconf 86' lang='lat' dir='ltr'><strong>Adami</strong></span> <span class='ocrx_word' id='word_1_119' title='bbox 1136 2465 1165 2520; x_wconf 90' lang='lat' dir='ltr'><strong>et</strong></span> <span class='ocrx_word' id='word_1_120' title='bbox 1187 2453 1281 2518; x_wconf 86' lang='lat' dir='ltr'><strong>inleli·</strong></span> 
     </span>
     <span class='ocr_line' id='line_1_17' title="bbox 168 2579 1280 2668; baseline -0.002 -23"><span class='ocrx_word' id='word_1_121' title='bbox 168 2582 272 2656; x_wconf 88' lang='lat' dir='ltr'><strong>citatis,</strong></span> <span class='ocrx_word' id='word_1_122' title='bbox 297 2601 372 2667; x_wconf 90' lang='lat' dir='ltr'><strong>quae</strong></span> <span class='ocrx_word' id='word_1_123' title='bbox 392 2593 529 2666; x_wconf 89' lang='lat' dir='ltr'><strong>posteros</strong></span> <span class='ocrx_word' id='word_1_124' title='bbox 551 2582 614 2668; x_wconf 84' lang='lat' dir='ltr'><strong>ejus</strong></span> <span class='ocrx_word' id='word_1_125' title='bbox 635 2593 777 2646; x_wconf 86' lang='lat' dir='ltr'><strong>exerceat.</strong></span> <span class='ocrx_word' id='word_1_126' title='bbox 806 2580 879 2646; x_wconf 89' lang='lat' dir='ltr'><strong>Nam</strong></span> <span class='ocrx_word' id='word_1_127' title='bbox 900 2593 933 2646; x_wconf 88' lang='lat' dir='ltr'><strong>ot</strong></span> <span class='ocrx_word' id='word_1_128' title='bbox 948 2580 1039 2645; x_wconf 89' lang='lat' dir='ltr'><strong>multa</strong></span> <span class='ocrx_word' id='word_1_129' title='bbox 1058 2580 1123 2656; x_wconf 90' lang='lat' dir='ltr'><strong>alia,</strong></span> <span class='ocrx_word' id='word_1_130' title='bbox 1147 2601 1221 2666; x_wconf 88' lang='lat' dir='ltr'><strong>quae</strong></span> <span class='ocrx_word' id='word_1_131' title='bbox 1244 2579 1280 2644; x_wconf 91' lang='lat' dir='ltr'><strong>de</strong></span> 
     </span>
     <span class='ocr_line' id='line_1_18' title="bbox 167 2704 1281 2793; baseline 0 -23"><span class='ocrx_word' id='word_1_132' title='bbox 167 2705 219 2770; x_wconf 91' lang='lat' dir='ltr'><strong>illo</strong></span> <span class='ocrx_word' id='word_1_133' title='bbox 240 2717 414 2793; x_wconf 79' lang='lat' dir='ltr'><strong>argumento</strong></span> <span class='ocrx_word' id='word_1_134' title='bbox 436 2704 521 2782; x_wconf 84' lang='lat' dir='ltr'><strong>dixit,</strong></span> <span class='ocrx_word' id='word_1_135' title='bbox 543 2706 659 2771; x_wconf 89' lang='lat' dir='ltr'><strong>silentio</strong></span> <span class='ocrx_word' id='word_1_136' title='bbox 683 2719 871 2793; x_wconf 85' lang='lat' dir='ltr'><strong>praeteream,</strong></span> <span class='ocrx_word' id='word_1_137' title='bbox 894 2725 1036 2771; x_wconf 87' lang='lat' dir='ltr'><strong>summam</strong></span> <span class='ocrx_word' id='word_1_138' title='bbox 1059 2707 1151 2770; x_wconf 89' lang='lat' dir='ltr'><strong>totius</strong></span> <span class='ocrx_word' id='word_1_139' title='bbox 1175 2707 1216 2770; x_wconf 90' lang='lat' dir='ltr'><strong>rei</strong></span> <span class='ocrx_word' id='word_1_140' title='bbox 1239 2707 1281 2770; x_wconf 92' lang='lat' dir='ltr'><strong>sic</strong></span> 
     </span>
     <span class='ocr_line' id='line_1_19' title="bbox 168 2826 1282 2918; baseline 0.001 -24"><span class='ocrx_word' id='word_1_141' title='bbox 168 2830 338 2917; x_wconf 84' lang='lat' dir='ltr'><strong>explanavit</strong></span> <span class='ocrx_word' id='word_1_142' title='bbox 353 2826 395 2918; x_wconf 87' lang='lat' dir='ltr'><strong>(p.</strong></span> <span class='ocrx_word' id='word_1_143' title='bbox 408 2827 478 2912; x_wconf 82' lang='lat'><strong>90):</strong></span> <span class='ocrx_word' id='word_1_144' title='bbox 503 2829 586 2895; x_wconf 82' lang='lat' dir='ltr'><strong>»tam</strong></span> <span class='ocrx_word' id='word_1_145' title='bbox 610 2843 674 2894; x_wconf 89' lang='lat' dir='ltr'><strong>tum</strong></span> <span class='ocrx_word' id='word_1_146' title='bbox 690 2833 831 2918; x_wconf 81' lang='lat' dir='ltr'><strong>coguovit</strong></span> <span class='ocrx_word' id='word_1_147' title='bbox 845 2830 940 2896; x_wconf 83' lang='lat' dir='ltr'><strong>Adam</strong></span> <span class='ocrx_word' id='word_1_148' title='bbox 965 2829 1106 2896; x_wconf 87' lang='lat' dir='ltr'><strong>mundum</strong></span> <span class='ocrx_word' id='word_1_149' title='bbox 1131 2851 1196 2894; x_wconf 89' lang='lat' dir='ltr'><strong>cum</strong></span> <span class='ocrx_word' id='word_1_150' title='bbox 1218 2851 1282 2896; x_wconf 87' lang='lat' dir='ltr'><strong>car·</strong></span> 
     </span>
     <span class='ocr_line' id='line_1_20' title="bbox 168 2953 1280 3043; baseline 0 -23"><span class='ocrx_word' id='word_1_151' title='bbox 168 2955 242 3020; x_wconf 81' lang='lat' dir='ltr'><strong>nolis</strong></span> <span class='ocrx_word' id='word_1_152' title='bbox 278 2956 513 3042; x_wconf 88' lang='lat' dir='ltr'><strong>eoncupiscentia</strong></span> <span class='ocrx_word' id='word_1_153' title='bbox 546 2957 753 3043; x_wconf 89' lang='lat' dir='ltr'><strong>appetitusque</strong></span> <span class='ocrx_word' id='word_1_154' title='bbox 789 2953 949 3021; x_wconf 81' lang='lat' dir='ltr'><strong>fabricandi</strong></span> <span class='ocrx_word' id='word_1_155' title='bbox 980 2953 1036 3021; x_wconf 88' lang='lat' dir='ltr'><strong>sibi</strong></span> <span class='ocrx_word' id='word_1_156' title='bbox 1064 2955 1186 3021; x_wconf 87' lang='lat' dir='ltr'><strong>similem</strong></span> <span class='ocrx_word' id='word_1_157' title='bbox 1214 2977 1280 3020; x_wconf 89' lang='lat' dir='ltr'><strong>eum</strong></span> 
     </span>
     <span class='ocr_line' id='line_1_21' title="bbox 168 3077 1283 3168; baseline 0.002 -24"><span class='ocrx_word' id='word_1_158' title='bbox 168 3081 333 3145; x_wconf 86' lang='lat' dir='ltr'><strong>invasisset.</strong></span> <span class='ocrx_word' id='word_1_159' title='bbox 368 3077 441 3144; x_wconf 90' lang='lat' dir='ltr'><strong>Nam</strong></span> <span class='ocrx_word' id='word_1_160' title='bbox 465 3079 588 3144; x_wconf 89' lang='lat' dir='ltr'><strong>carnalis</strong></span> <span class='ocrx_word' id='word_1_161' title='bbox 612 3085 762 3168; x_wconf 88' lang='lat' dir='ltr'><strong>appetitus</strong></span> <span class='ocrx_word' id='word_1_162' title='bbox 784 3101 837 3146; x_wconf 88' lang='lat' dir='ltr'><strong>seu</strong></span> <span class='ocrx_word' id='word_1_163' title='bbox 861 3082 1098 3168; x_wconf 90' lang='lat' dir='ltr'><strong>concupiscentia</strong></span> <span class='ocrx_word' id='word_1_164' title='bbox 1121 3082 1215 3146; x_wconf 84' lang='lat' dir='ltr'><strong>carnis</strong></span> <span class='ocrx_word' id='word_1_165' title='bbox 1237 3092 1283 3146; x_wconf 87' lang='lat' dir='ltr'><strong>cst</strong></span> 
     </span>
     <span class='ocr_line' id='line_1_22' title="bbox 168 3204 1282 3294; baseline 0 -24"><span class='ocrx_word' id='word_1_166' title='bbox 168 3207 326 3294; x_wconf 88' lang='lat' dir='ltr'><strong>praecipua</strong></span> <span class='ocrx_word' id='word_1_167' title='bbox 342 3204 390 3269; x_wconf 93' lang='lat' dir='ltr'><strong>illa</strong></span> <span class='ocrx_word' id='word_1_168' title='bbox 405 3225 452 3268; x_wconf 91' lang='lat' dir='ltr'><strong>rcs</strong></span> <span class='ocrx_word' id='word_1_169' title='bbox 469 3205 553 3291; x_wconf 87' lang='lat' dir='ltr'><strong>cujus</strong></span> <span class='ocrx_word' id='word_1_170' title='bbox 570 3205 722 3292; x_wconf 88' lang='lat' dir='ltr'><strong>voluptate</strong></span> <span class='ocrx_word' id='word_1_171' title='bbox 734 3204 878 3271; x_wconf 88' lang='lat' dir='ltr'><strong>Diabolus</strong></span> <span class='ocrx_word' id='word_1_172' title='bbox 894 3206 970 3270; x_wconf 87' lang='lat' dir='ltr'><strong>filios</strong></span> <span class='ocrx_word' id='word_1_173' title='bbox 982 3205 1035 3271; x_wconf 88' lang='lat' dir='ltr'><strong>Dei</strong></span> <span class='ocrx_word' id='word_1_174' title='bbox 1052 3206 1179 3270; x_wconf 88' lang='lat' dir='ltr'><strong>solicitat</strong></span> <span class='ocrx_word' id='word_1_175' title='bbox 1194 3218 1282 3292; x_wconf 91' lang='lat' dir='ltr'><strong>atque</strong></span> 
     </span>
     <span class='ocr_line' id='line_1_23' title="bbox 169 3322 1282 3418; baseline -0.002 -22"><span class='ocrx_word' id='word_1_176' title='bbox 169 3329 272 3396; x_wconf 87' lang='lat' dir='ltr'><strong>oDeo</strong></span> <span class='ocrx_word' id='word_1_177' title='bbox 296 3322 489 3411; x_wconf 84' lang='lat' dir='ltr'><strong>abstrahit²).</strong></span> <span class='ocrx_word' id='word_1_178' title='bbox 532 3329 606 3396; x_wconf 88' lang='lat' dir='ltr'><strong>Nam</strong></span> <span class='ocrx_word' id='word_1_179' title='bbox 638 3351 724 3394; x_wconf 89' lang='lat' dir='ltr'><strong>omne</strong></span> <span class='ocrx_word' id='word_1_180' title='bbox 753 3329 835 3416; x_wconf 89' lang='lat' dir='ltr'><strong>quod</strong></span> <span class='ocrx_word' id='word_1_181' title='bbox 864 3333 894 3394; x_wconf 91' lang='lat' dir='ltr'><strong>in</strong></span> <span class='ocrx_word' id='word_1_182' title='bbox 925 3329 1035 3394; x_wconf 91' lang='lat' dir='ltr'><strong>mundo</strong></span> <span class='ocrx_word' id='word_1_183' title='bbox 1060 3342 1118 3406; x_wconf 85' lang='lat' dir='ltr'><strong>est,</strong></span> <span class='ocrx_word' id='word_1_184' title='bbox 1144 3333 1282 3418; x_wconf 88' lang='lat' dir='ltr'><strong>concupi·</strong></span> 
     </span>
     <span class='ocr_line' id='line_1_24' title="bbox 169 3452 1281 3542; baseline 0 -21"><span class='ocrx_word' id='word_1_185' title='bbox 169 3457 278 3522; x_wconf 87' lang='lat' dir='ltr'><strong>scentia</strong></span> <span class='ocrx_word' id='word_1_186' title='bbox 294 3458 388 3520; x_wconf 89' lang='lat' dir='ltr'><strong>carnis</strong></span> <span class='ocrx_word' id='word_1_187' title='bbox 405 3467 459 3531; x_wconf 88' lang='lat' dir='ltr'><strong>est,</strong></span> <span class='ocrx_word' id='word_1_188' title='bbox 482 3467 510 3519; x_wconf 88' lang='lat' dir='ltr'><strong>et</strong></span> <span class='ocrx_word' id='word_1_189' title='bbox 525 3456 761 3542; x_wconf 87' lang='lat' dir='ltr'><strong>concupiscentia</strong></span> <span class='ocrx_word' id='word_1_190' title='bbox 778 3455 931 3519; x_wconf 70' lang='lat' dir='ltr'><strong>nemorum</strong></span> <span class='ocrx_word' id='word_1_191' title='bbox 955 3466 985 3521; x_wconf 88' lang='lat' dir='ltr'><strong>et</strong></span> <span class='ocrx_word' id='word_1_192' title='bbox 1007 3452 1154 3538; x_wconf 86' lang='lat' dir='ltr'><strong>superbia,</strong></span> <span class='ocrx_word' id='word_1_193' title='bbox 1172 3454 1281 3541; x_wconf 88' lang='lat' dir='ltr'><strong>quibus</strong></span> 
     </span>
     <span class='ocr_line' id='line_1_25' title="bbox 170 3578 1282 3668; baseline -0.001 -22"><span class='ocrx_word' id='word_1_194' title='bbox 170 3579 308 3646; x_wconf 89' lang='lat' dir='ltr'><strong>omnibus</strong></span> <span class='ocrx_word' id='word_1_195' title='bbox 331 3579 452 3646; x_wconf 86' lang='lat' dir='ltr'><strong>allectus</strong></span> <span class='ocrx_word' id='word_1_196' title='bbox 476 3592 520 3644; x_wconf 88' lang='lat' dir='ltr'><strong>cst</strong></span> <span class='ocrx_word' id='word_1_197' title='bbox 540 3579 645 3656; x_wconf 82' lang='lat' dir='ltr'><strong>Adam,</strong></span> <span class='ocrx_word' id='word_1_198' title='bbox 669 3592 712 3656; x_wconf 86' lang='lat' dir='ltr'><strong>ut,</strong></span> <span class='ocrx_word' id='word_1_199' title='bbox 738 3581 976 3667; x_wconf 85' lang='lat' dir='ltr'><strong>quamprimum</strong></span> <span class='ocrx_word' id='word_1_200' title='bbox 997 3579 1139 3644; x_wconf 91' lang='lat' dir='ltr'><strong>mundum</strong></span> <span class='ocrx_word' id='word_1_201' title='bbox 1163 3578 1282 3668; x_wconf 81' lang='lat' dir='ltr'><strong>diligere</strong></span> 
     </span>
     <span class='ocr_line' id='line_1_26' title="bbox 169 3697 1282 3793; baseline 0.001 -23"><span class='ocrx_word' id='word_1_202' title='bbox 169 3709 339 3792; x_wconf 89' lang='lat' dir='ltr'><strong>incoeperit,</strong></span> <span class='ocrx_word' id='word_1_203' title='bbox 364 3697 457 3793; x_wconf 76' lang='lat' dir='ltr'><strong>ejus²l</strong></span> <span class='ocrx_word' id='word_1_204' title='bbox 478 3727 577 3772; x_wconf 86' lang='lat' dir='ltr'><strong>amore</strong></span> <span class='ocrx_word' id='word_1_205' title='bbox 599 3705 706 3770; x_wconf 90' lang='lat' dir='ltr'><strong>carnali</strong></span> <span class='ocrx_word' id='word_1_206' title='bbox 727 3708 855 3771; x_wconf 84' lang='lat' dir='ltr'><strong>amiserit</strong></span> <span class='ocrx_word' id='word_1_207' title='bbox 870 3709 1019 3771; x_wconf 88' lang='lat' dir='ltr'><strong>caritatem</strong></span> <span class='ocrx_word' id='word_1_208' title='bbox 1033 3705 1129 3770; x_wconf 87' lang='lat' dir='ltr'><strong>Patris</strong></span> <span class='ocrx_word' id='word_1_209' title='bbox 1145 3727 1178 3770; x_wconf 92' lang='lat' dir='ltr'><strong>ac</strong></span> <span class='ocrx_word' id='word_1_210' title='bbox 1194 3703 1282 3771; x_wconf 80' lang='lat' dir='ltr'><strong>Crea-</strong></span> 
     </span>
     <span class='ocr_line' id='line_1_27' title="bbox 169 3829 1283 3917; baseline 0 -21"><span class='ocrx_word' id='word_1_211' title='bbox 169 3834 243 3896; x_wconf 87' lang='lat' dir='ltr'><strong>tcris</strong></span> <span class='ocrx_word' id='word_1_212' title='bbox 273 3833 334 3908; x_wconf 91' lang='lat' dir='ltr'><strong>sui,</strong></span> <span class='ocrx_word' id='word_1_213' title='bbox 359 3851 446 3917; x_wconf 88' lang='lat' dir='ltr'><strong>quam</strong></span> <span class='ocrx_word' id='word_1_214' title='bbox 476 3829 612 3894; x_wconf 86' lang='lat' dir='ltr'><strong>habebat.</strong></span> <span class='ocrx_word' id='word_1_215' title='bbox 658 3829 732 3896; x_wconf 89' lang='lat' dir='ltr'><strong>Nam</strong></span> <span class='ocrx_word' id='word_1_216' title='bbox 754 3831 936 3917; x_wconf 88' lang='lat' dir='ltr'><strong>impossibile</strong></span> <span class='ocrx_word' id='word_1_217' title='bbox 959 3843 1034 3906; x_wconf 89' lang='lat' dir='ltr'><strong>erat,</strong></span> <span class='ocrx_word' id='word_1_218' title='bbox 1059 3843 1093 3895; x_wconf 92' lang='lat' dir='ltr'><strong>ut</strong></span> <span class='ocrx_word' id='word_1_219' title='bbox 1116 3844 1283 3896; x_wconf 84' lang='lat' dir='ltr'><strong>versaretur</strong></span> 
     </span>
     <span class='ocr_line' id='line_1_28' title="bbox 170 3953 1282 4044; baseline 0.001 -23"><span class='ocrx_word' id='word_1_220' title='bbox 170 3958 244 4022; x_wconf 88' lang='lat' dir='ltr'><strong>circa</strong></span> <span class='ocrx_word' id='word_1_221' title='bbox 268 3956 406 4032; x_wconf 87' lang='lat' dir='ltr'><strong>carnales,</strong></span> <span class='ocrx_word' id='word_1_222' title='bbox 430 3953 613 4031; x_wconf 88' lang='lat' dir='ltr'><strong>tenebrosos,</strong></span> <span class='ocrx_word' id='word_1_223' title='bbox 638 3967 667 4020; x_wconf 90' lang='lat' dir='ltr'><strong>et</strong></span> <span class='ocrx_word' id='word_1_224' title='bbox 687 3955 855 4042; x_wconf 88' lang='lat' dir='ltr'><strong>corporales</strong></span> <span class='ocrx_word' id='word_1_225' title='bbox 878 3959 1036 4044; x_wconf 89' lang='lat' dir='ltr'><strong>appetitus,</strong></span> <span class='ocrx_word' id='word_1_226' title='bbox 1060 3959 1085 4020; x_wconf 92' lang='lat' dir='ltr'><strong>si</strong></span> <span class='ocrx_word' id='word_1_227' title='bbox 1103 3959 1195 4022; x_wconf 86' lang='lat' dir='ltr'><strong>virtus</strong></span> <span class='ocrx_word' id='word_1_228' title='bbox 1219 3957 1282 4042; x_wconf 89' lang='lat' dir='ltr'><strong>ejus</strong></span> 
     </span>
     <span class='ocr_line' id='line_1_29' title="bbox 170 4076 1282 4169; baseline 0 -23"><span class='ocrx_word' id='word_1_229' title='bbox 170 4082 397 4167; x_wconf 84' lang='lat' dir='ltr'><strong>contemplativa</strong></span> <span class='ocrx_word' id='word_1_230' title='bbox 413 4102 473 4144; x_wconf 93' lang='lat' dir='ltr'><strong>non</strong></span> <span class='ocrx_word' id='word_1_231' title='bbox 491 4078 641 4146; x_wconf 87' lang='lat' dir='ltr'><strong>cecidisset</strong></span> <span class='ocrx_word' id='word_1_232' title='bbox 657 4102 674 4143; x_wconf 90' lang='lat' dir='ltr'><strong>a</strong></span> <span class='ocrx_word' id='word_1_233' title='bbox 688 4076 762 4157; x_wconf 87' lang='lat' dir='ltr'><strong>Deo,</strong></span> <span class='ocrx_word' id='word_1_234' title='bbox 787 4093 816 4145; x_wconf 90' lang='lat' dir='ltr'><strong>et</strong></span> <span class='ocrx_word' id='word_1_235' title='bbox 838 4085 1042 4169; x_wconf 87' lang='lat' dir='ltr'><strong>participasset</strong></span> <span class='ocrx_word' id='word_1_236' title='bbox 1062 4103 1128 4147; x_wconf 90' lang='lat' dir='ltr'><strong>cum</strong></span> <span class='ocrx_word' id='word_1_237' title='bbox 1151 4085 1282 4168; x_wconf 89' lang='lat' dir='ltr'><strong>principe</strong></span> 
     </span>
     <span class='ocr_line' id='line_1_30' title="bbox 169 4205 1283 4294; baseline -0.002 -22"><span class='ocrx_word' id='word_1_238' title='bbox 169 4205 373 4282; x_wconf 87' lang='lat' dir='ltr'><strong>tenebrarum,</strong></span> <span class='ocrx_word' id='word_1_239' title='bbox 403 4205 563 4271; x_wconf 90' lang='lat' dir='ltr'><strong>secundum</strong></span> <span class='ocrx_word' id='word_1_240' title='bbox 593 4205 665 4271; x_wconf 90' lang='lat' dir='ltr'><strong>illud</strong></span> <span class='ocrx_word' id='word_1_241' title='bbox 687 4205 825 4270; x_wconf 90' lang='lat' dir='ltr'><strong>Mercurii</strong></span> <span class='ocrx_word' id='word_1_242' title='bbox 850 4205 1033 4294; x_wconf 85' lang='lat' dir='ltr'><strong>Trismegisti</strong></span> <span class='ocrx_word' id='word_1_243' title='bbox 1063 4228 1154 4292; x_wconf 89' lang='lat' dir='ltr'><strong>supra</strong></span> <span class='ocrx_word' id='word_1_244' title='bbox 1177 4206 1283 4294; x_wconf 84' lang='lat' dir='ltr'><strong>allega-</strong></span> 
     </span>
     <span class='ocr_line' id='line_1_31' title="bbox 169 4330 1287 4418; baseline 0.001 -21"><span class='ocrx_word' id='word_1_245' title='bbox 169 4343 248 4408; x_wconf 83' lang='lat' dir='ltr'><strong>tum3</strong></span> <span class='ocrx_word' id='word_1_246' title='bbox 272 4333 411 4418; x_wconf 86' lang='lat' dir='ltr'><strong>quoniam</strong></span> <span class='ocrx_word' id='word_1_247' title='bbox 434 4330 529 4396; x_wconf 85' lang='lat' dir='ltr'><strong>Adam</strong></span> <span class='ocrx_word' id='word_1_248' title='bbox 552 4343 614 4396; x_wconf 88' lang='lat' dir='ltr'><strong>crat</strong></span> <span class='ocrx_word' id='word_1_249' title='bbox 638 4343 721 4398; x_wconf 90' lang='lat' dir='ltr'><strong>totus</strong></span> <span class='ocrx_word' id='word_1_250' title='bbox 744 4331 947 4398; x_wconf 87' lang='lat' dir='ltr'><strong>intellectualia</strong></span> <span class='ocrx_word' id='word_1_251' title='bbox 970 4343 999 4396; x_wconf 92' lang='lat' dir='ltr'><strong>et</strong></span> <span class='ocrx_word' id='word_1_252' title='bbox 1021 4331 1129 4396; x_wconf 90' lang='lat' dir='ltr'><strong>divinis</strong></span> <span class='ocrx_word' id='word_1_253' title='bbox 1153 4345 1287 4398; x_wconf 68' lang='lat' dir='ltr'><strong>contem«</strong></span> 
     </span>
    </p>
   </div>
   <div class='ocr_carea' id='block_1_5' title="bbox 221 4521 1053 4666">
    <p class='ocr_par' dir='ltr' id='par_1_5' title="bbox 221 4521 1053 4666">
     <span class='ocr_line' id='line_1_32' title="bbox 221 4521 711 4592; baseline -0.035 1"><span class='ocrx_word' id='word_1_254' title='bbox 221 4554 225 4559; x_wconf 87' lang='lat'>·</span> <span class='ocrx_word' id='word_1_255' title='bbox 242 4524 262 4592; x_wconf 77' lang='grc'><strong>1)</strong></span> <span class='ocrx_word' id='word_1_256' title='bbox 284 4524 395 4579; x_wconf 73' lang='lat' dir='ltr'><strong>ltoann.</strong></span> <span class='ocrx_word' id='word_1_257' title='bbox 408 4521 438 4577; x_wconf 87' lang='lat'><strong>11.</strong></span> <span class='ocrx_word' id='word_1_258' title='bbox 458 4553 491 4564; x_wconf 96' lang='grc'><strong>-</strong></span> <span class='ocrx_word' id='word_1_259' title='bbox 509 4522 531 4590; x_wconf 75' lang='lat'><strong>²)</strong></span> <span class='ocrx_word' id='word_1_260' title='bbox 553 4524 663 4579; x_wconf 74' lang='lat' dir='ltr'><strong>eroon.</strong></span> <span class='ocrx_word' id='word_1_261' title='bbox 677 4523 711 4579; x_wconf 91' lang='lat'><strong>11.</strong></span> 
     </span>
     <span class='ocr_line' id='line_1_33' title="bbox 998 4610 1053 4666; baseline 0.018 -2"><span class='ocrx_word' id='word_1_262' title='bbox 998 4610 1053 4666; x_wconf 72' lang='lat' dir='ltr'><strong>er*</strong></span> 
     </span>
    </p>
   </div>
   <div class='ocr_carea' id='block_1_6' title="bbox 0 0 1601 5186">
    <p class='ocr_par' dir='ltr' id='par_1_6' title="bbox 0 0 1601 5186">
     <span class='ocr_line' id='line_1_34' title="bbox 0 0 1601 5186; baseline 0 0"><span class='ocrx_word' id='word_1_263' title='bbox 0 0 1601 5186; x_wconf 95' lang='lat' dir='ltr'><strong> </strong></span> 
     </span>
    </p>
   </div>
  </div>
 </body>
</html>
