3172 5186
761 340 974 454 juo-

268 549 289 580 '·
315 550 577 640 pcipdovoaimuv
599 545 704 639 ἡμῶν,
729 565 758 618 et
781 553 960 641 protoplasti
987 565 1140 642 peceatum
1164 556 1195 618 in
1218 575 1254 618 eu
1277 561 1428 620 rematnin

315 699 393 754 esse,
418 675 501 765 quod
524 679 671 744 sexualcm
696 679 876 767 voluptatem
899 681 1110 766 praeripuisset
1133 673 1222 759 (ibid.
1239 692 1314 766 etp.
1332 678 1427 763 559).

313 801 415 891 Neque
430 773 788 892 ignorabatdnctissimus
811 803 858 869 ille
879 817 962 892 pater
978 805 1095 870 militem
1112 802 1323 882 Christianum,
1340 825 1426 893 quem

315 926 453 994 describit
473 929 509 994 D.
525 929 636 994 Paulus
653 926 748 1016 (pr
762 929 816 1007 Vl,
835 927 875 994 12
891 926 986 1016 sqq.),
1001 952 1072 994 ¹non
1094 929 1167 995 alios
1191 928 1298 996 habere
1322 929 1428 996 adver·

314 1057 422 1130 uarios,
447 1075 534 1143 quam
564 1058 711 1142 appetitus
740 1055 805 1120 illos
834 1077 867 1120 ae
894 1055 1145 1143 perturbationes,
1169 1077 1244 1145 quae
1272 1057 1306 1120 in
1333 1079 1428 1124 eme

313 1189 420 1246 nostro
448 1180 645 1245 dominantur.
697 1179 850 1246 Praedieat
876 1183 951 1246 enim
981 1178 1108 1259 (Strom.
1123 1181 1189 1257 Vll,
1210 1203 1241 1268 p.
1260 1176 1358 1261 839):
1388 1175 1425 1246 ad

313 1305 511 1391 παγκράτιον
533 1299 569 1370 ad
592 1304 768 1389 πάμμαχον
791 1301 829 1370 οὗ
851 1301 932 1390 πρὸς
954 1301 1034 1388 αἷμα
1056 1309 1110 1368 καὶ
1126 1302 1237 1389 σάρκα,
1261 1300 1347 1370 ἀλλὰ
1368 1301 1426 1382 τὰς

314 1428 369 1497 dcci
385 1430 512 1515 σαρκῶν
531 1428 721 1517 ἐνεργούσας
735 1426 952 1513 πνευματικὰς
967 1427 1113 1508 ἔξουσίας
1127 1429 1278 1518 ἐμφύτων
1292 1429 1425 1496 παθῶν.

635 1645 685 1711 rv.
719 1643 888 1712 anonas
916 1642 1101 1730 neumas,

401 1808 433 1872 ln
456 1827 562 1872 novem
585 1806 718 1884 saeculis,
736 1825 810 1894 quae
833 1809 909 1872 inter
930 1819 1045 1872 renatas
1069 1806 1179 1872 litteras
1203 1819 1232 1872 et
1256 1809 1351 1872 viram
1375 1829 1425 1872 ve·

313 1947 407 2000 terum
432 1932 593 1998 doctrinam
615 1930 756 1996 'tenebras
783 1953 851 1996 suas
880 1931 1120 2020 interponebant,
1145 1954 1229 1999 nemo
1253 1932 1321 2020 plus
1344 1935 1425 2021 apud

312 2060 470 2148 theologos
492 2058 595 2134 valuit,
617 2077 704 2144 qnam
721 2057 852 2124 Thomas
869 2057 1011 2145 Aquinas,
1036 2060 1087 2145 qni
1109 2070 1260 2146 peecatum
1283 2058 1426 2146 originale

313 2185 351 2252 ad
374 2185 475 2250 ultima
499 2205 551 2248 sua
576 2183 715 2248 elementa
737 2186 780 2247 sie
802 2181 923 2271 redegit.
958 2181 1033 2248 Nam
1056 2205 1146 2270 quum
1169 2183 1367 2272 Augustinus,
1390 2197 1427 2250 ut

313 2309 482 2388 videbatur,
503 2309 676 2374 affirmasset
697 2312 960 2400 concupiscentiam
982 2331 1044 2374 esse
1065 2307 1200 2374 absolute
1221 2322 1249 2374 et
1265 2307 1425 2376 formaliter

312 2448 463 2527 peceatum
488 2435 629 2525 originale
651 2432 735 2516 (vide
747 2435 897 2522 Wiggers,
915 2435 949 2498 iu
965 2436 1105 2523 primam
1124 2435 1276 2500 cemutduc
1290 2435 1334 2502 D.
1343 2435 1424 2502 tto·

312 2583 382 2628 mue
393 2562 558 2650 Aquinatis
574 2561 807 2626 Commentario.
831 2559 956 2624 Louanii
969 2558 1167 2638 mncxxlx.
1190 2583 1242 2650 pp.
1256 2559 1319 2626 277
1333 2559 1423 2650 sqq.),

313 2689 445 2754 Thomas
464 2687 608 2774 duplicem
631 2685 672 2750 ihi
694 2689 804 2772 peccati
828 2688 975 2750 materiam
1000 2689 1131 2774 agnovit.
1154 2685 1207 2752 Ait
1229 2690 1303 2752 enim
1319 2683 1423 2769 (umn-

312 2825 401 2880 meut.
416 2815 451 2878 in
464 2809 566 2900 Epist.
574 2812 665 2878 Paul.
680 2811 801 2876 Parisiis
816 2809 953 2877 MDXLl.
974 2810 1026 2875 fol.
1043 2811 1122 2876 tta.
1146 2812 1191 2877 od
1202 2811 1293 2879 Rom.
1300 2813 1361 2891 Vll,
1375 2810 1423 2896 7)=

313 2938 591 3026 »Concupiscentia,
615 2935 651 3002 de
673 2957 732 3025 qua
761 2937 809 3001 hic
831 2937 977 3024 loquitur,
1002 2950 1046 3002 est
1067 2938 1200 3026 generale
1227 2939 1334 3002 molum
1362 2959 1422 3004 non

313 3066 519 3130 communitate
534 3066 648 3150 generis
664 3061 710 3126 vel
734 3065 847 3148 speciei,
863 3062 914 3127 scd
930 3065 1136 3128 communitate
1152 3064 1339 3129 causalitatis.
1363 3063 1424 3130 Nec

312 3167 357 3254 est
379 3191 567 3264 contrarium,
592 3187 673 3275 quod
696 3185 823 3253 habetur
836 3159 939 3254 Eoole.
960 3187 1030 3254 XX.
1046 3187 1171 3254 Initium
1185 3190 1285 3256 otonis
1301 3191 1424 3276 pcccati

311 3316 464 3403 ucpcrdio.
487 3313 561 3379 Nam
585 3311 723 3402 superbia
747 3327 792 3378 est
813 3317 927 3379 initium
950 3317 1062 3402 peccati
1084 3337 1121 3380 ex
1143 3329 1226 3402 parte
1250 3317 1423 3381 aversionis.

312 3439 467 3528 Cupiditas
498 3453 593 3504 antem
626 3452 671 3504 est
698 3441 874 3528 principium
903 3453 1090 3528 peecatorum
1117 3461 1155 3504 cx
1182 3453 1267 3528 parte
1301 3463 1423 3507 conver·

311 3551 403 3632 sionis
426 3565 465 3631 ad
488 3564 597 3631 bonum
619 3563 848 3633 commutabiles
874 3564 1007 3649 Quocum
1031 3569 1135 3631 mirum
1158 3568 1188 3630 in
1211 3564 1332 3631 modum
1353 3589 1424 3632 con·

311 3695 400 3758 sentit
421 3696 468 3756 vir
490 3693 703 3768 onustissimus,
726 3691 869 3756 Henricus
891 3690 1017 3768 Broohe,
1043 3695 1094 3780 qni
1117 3691 1223 3757 abhinc
1246 3714 1341 3758 annos
1364 3692 1424 3760 lere

311 3831 426 3883 eentum
453 3821 483 3881 in
510 3817 593 3894 fieta,
618 3839 705 3906 quam
733 3820 865 3904 scripsit,
894 3818 1033 3906 relligiosi
1063 3819 1226 3907 argumenti
1254 3821 1424 3884 narratione

311 3940 420 4025 (althei
438 3942 642 4032 osQuule‘ty«,
659 3943 718 4008 vol.
732 3942 765 4019 ll,
787 3965 817 4029 p.
827 3940 890 4008 140
902 3943 948 4008 ed.
961 3941 995 4009 C.
1008 3943 1161 4032 llingsley.
1182 3943 1308 4008 London
1324 3941 1423 4026 ¹859)

173 4091 179 4103 ·
309 4069 473 4136 Mentorem
497 4091 582 4134 suum
606 4071 647 4133 sic
669 4069 837 4157 loquentem
859 4068 988 4134 inducit:
1011 4069 1128 4135 »These
1151 4082 1214 4134 two
1231 4070 1338 4157 capital
1360 4071 1422 4136 sins

312 4193 447 4281 alpaide
462 4195 527 4260 uod
539 4195 600 4260 lust
620 4217 668 4260 are
684 4195 734 4260 the
749 4195 865 4283 general
881 4182 999 4281 parents
1018 4194 1054 4260 ol
1064 4195 1101 4260 all
1117 4196 1209 4262 moral
1226 4193 1284 4260 and
1307 4195 1423 4260 natural

311 4321 377 4396 evil,
401 4320 437 4386 of
455 4321 492 4386 all
514 4321 564 4386 the
586 4321 662 4410 guilt
686 4341 721 4386 or
744 4324 852 4408 misery
872 4320 938 4386 that
960 4343 1028 4386 orer
1051 4321 1111 4400 did,
1136 4344 1171 4387 or
1191 4343 1261 4388 ever
1278 4343 1341 4399 can,
1365 4324 1424 4387 riso

310 4445 498 4533 throughout
512 4447 665 4526 duratium
689 4445 748 4512 and
763 4467 819 4512 our
834 4447 978 4536 beavenly
992 4446 1109 4525 Father,
1126 4450 1156 4513 in
1179 4447 1226 4512 his
1249 4447 1325 4524 lore,
1349 4447 1424 4514 bath
