3152 5160
865 399 939 472 134

527 612 585 698 Qui
616 611 754 677 avolabat
777 611 895 698 quidem
926 622 955 675 et
982 608 1083 687 rediit,
1114 609 1167 674 sed
1189 608 1304 674 nullum
1327 612 1464 674 nuntium

874 733 1055 820 reportabat.

374 845 500 965 ⁶⁰¹¹'W1131j
523 864 602 952 Ergo
627 875 699 951 post
721 860 906 926 intervallum
929 862 1072 946 temporis
1096 862 1193 924 emisit
1216 857 1381 923 columbam
1397 853 1428 941 ¹),

468 1003 501 1062 [a]
526 988 608 1071 Quae
632 1007 724 1074 quum
747 984 936 1073 tranquillam
958 983 1056 1048 sedem
1080 987 1210 1048 invenire
1233 1005 1295 1048 non
1317 996 1436 1070 posset,

523 1112 624 1177 Rediit
646 1112 684 1176 ad
707 1133 817 1186 aream,
843 1122 931 1197 atque
954 1108 996 1172 ibi
1019 1111 1126 1172 iterum
1148 1121 1265 1195 recepta
1288 1121 1341 1172 est.

453 1253 501 1312 [ιο]
527 1237 626 1322 Quum
648 1249 745 1301 tamen
769 1233 849 1299 aliud
873 1233 1059 1299 intervallum
1071 1227 1094 1314 ¹)
1117 1236 1330 1321 praeteriisset,

524 1364 613 1428 lsrael
636 1366 743 1428 iterum
767 1357 932 1424 columbam
955 1359 1033 1423 illam
1057 1361 1168 1436 emisit,

456 1502 504 1564 [ιι]
529 1487 611 1573 Quae
635 1489 803 1574 vespertino
827 1498 961 1572 tempore
984 1484 1022 1548 ad
1036 1455 1112 1549 ¹eum
1136 1453 1238 1561 rediit,

528 1612 615 1678 Oleae
642 1612 747 1677 lolium
770 1611 879 1687 viride,
910 1609 993 1698 quod
1020 1608 1220 1697 decerpserat,
1247 1610 1401 1674 innostro
1425 1622 1469 1672 te-

877 1757 960 1800 nens.

456 1877 504 1938 [aa]
530 1862 589 1928 Sed
612 1862 670 1926 alio
694 1861 847 1925 intervallo
872 1860 1073 1947 praeterlapso
1096 1861 1183 1924 tertio
1208 1881 1271 1922 eam
1294 1861 1404 1935 emisit,

530 1987 612 2070 Quae
634 2009 697 2050 non
720 1985 845 2072 amplius
870 1984 908 2048 ad
931 2006 1027 2049 aream
1051 1984 1128 2049 illam
1152 1983 1248 2048 rediit.

457 2129 505 2183 [ιι]
527 2112 675 2178 bitellexit
701 2114 793 2198 igitur
821 2110 910 2176 lsrael
939 2112 1089 2196 inquietos
1119 2109 1185 2175 illos
1214 2109 1323 2174 fluetus
1351 2107 1470 2173 tandem

539 2203 543 2209 .
879 2233 1038 2311 resedisse,

423 2483 442 2549 ¹)
467 2478 592 2536 Columba
606 2481 690 2571 (suit)
709 2483 763 2536 sive
779 2482 862 2562 'albus
876 2481 982 2534 nuntius
997 2479 1101 2534 denotat
1114 2495 1190 2534 veros
1205 2496 1374 2551 quoscunque
1388 2481 1471 2536 lsrae-

346 2589 414 2654 litas,
436 2589 479 2659 qui
499 2590 525 2640 in
544 2597 636 2642 terram
655 2586 849 2660 tranquillitatis
868 2586 967 2660 ingredi
986 2604 1086 2640 summo
1106 2586 1193 2642 studio
1209 2586 1363 2641 nitebantur.
1393 2589 1433 2641 Ita
1447 2590 1471 2641 ia

346 2695 423 2749 titulo
437 2696 480 2749 Ps.
494 2695 568 2759 tvl,
587 2687 700 2765 populus
714 2693 887 2748 lsraelitarum
901 2693 960 2747 exul
974 2702 1080 2746 voratur
1099 2682 1206 2788 orph]
1220 2673 1290 2785 0525
1303 2695 1365 2769 mit
1385 2705 1472 2749 ·muta

348 2801 465 2855 columba
483 2809 673 2865 remotorum·;
699 2799 730 2853 ef.
750 2799 836 2854 Psalm
850 2799 971 2864 txxtv,
985 2797 1026 2853 19.
1054 2799 1088 2852 Et
1106 2799 1216 2854 Davides
1235 2803 1289 2871 ipse
1306 2801 1472 2872 tranquillam

348 2908 441 2965 sedem¹
460 2907 608 2961 desiderans
633 2923 661 2960 se
685 2915 817 2977 tanquam·
832 2906 974 2960 columbam
999 2906 1031 2960 ad
1055 2914 1166 2961 remotas
1188 2908 1307 2980 regiones
1326 2907 1472 2963 avolantem

349 3014 544 3091 deacribitsl's.
557 3013 615 3078 LV,
627 3010 653 3078 7,
664 3011 698 3078 8,
716 3013 760 3066 ubi
779 3013 888 3085 legimus
909 3021 1029 3109 P'l'l'iss·
1052 3040 1055 3046 ·

424 3122 444 3188 ²)
471 3120 572 3174 Tantus
592 3119 668 3176 habet
686 3125 791 3188 septem
809 3124 869 3174 dier
881 3119 970 3210 (nim
987 3119 1104 3212 npqu),
1125 3119 1170 3173 sed
1183 3118 1231 3173 boe
1245 3120 1371 3193 significat
1383 3124 1472 3192 potius

348 3226 509 3282 intervallum
523 3229 590 3280 inter
604 3227 655 3280 duo
669 3227 780 3292 sabbata,
797 3228 814 3282 i.
828 3244 849 3281 e.
864 3226 927 3282 duas
941 3227 1134 3298 tranquillitatis
1148 3227 1266 3298 epochas,
1286 3243 1361 3300 quam
1374 3237 1471 3298 septem

350 3313 404 3389 dies
417 3313 567 3405 noctesqum
593 3335 648 3388 Has
661 3334 780 3406 periodos
794 3335 878 3388 variae
892 3334 1067 3388 diuturnitatis
1080 3332 1162 3388 fuisse
1175 3341 1257 3405 patet,
1277 3335 1299 3387 si
1313 3334 1345 3387 ad
1356 3335 1471 3390 ludaeo-

347 3459 405 3496 rum
429 3437 561 3496 historiam
584 3439 640 3495 'rem
664 3440 768 3496 referas.
804 3439 868 3494 Nam
892 3440 1055 3495 intervallum
1079 3443 1145 3494 inter
1165 3443 1270 3511 primam
1290 3449 1315 3495 et
1334 3442 1470 3496 secundam

349 3549 481 3603 columbae
501 3548 671 3603 avolationem
692 3555 788 3619 spectat
807 3547 837 3600 ad
856 3556 957 3618 tempus
978 3547 1048 3618 quod
1068 3547 1181 3618 elapsum
1201 3556 1241 3601 est
1261 3549 1327 3602 inter
1345 3547 1472 3603 desbuam

349 3665 375 3710 et
386 3655 545 3721 Samuelem
564 3655 707 3720 seeundum·
723 3652 885 3710 intervallum
905 3653 1082 3726 complectitur
1100 3653 1234 3726 periodum
1246 3654 1313 3708 inter
1326 3655 1472 3711 Samuelem

350 3772 375 3816 et
392 3761 528 3827 Davidem,
553 3763 597 3833 qui
621 3764 719 3832 primus
744 3763 866 3833 rogitavit
890 3761 920 3818 de
945 3760 1040 3831 templo
1059 3760 1173 3816 Jelaovae
1198 3761 1369 3828 exstruendo,
1394 3763 1472 3817 etad

350 3887 425 3941 quem
445 3868 514 3935 olea,
538 3869 664 3923 venientis
683 3870 751 3939 paris
771 3869 860 3922 nuntia
879 3865 962 3941 (Virg.
981 3869 1045 3922 Aen.
1057 3867 1137 3935 Vlll,
1153 3865 1212 3922 116.
1237 3867 1316 3940 Sopb.
1334 3867 1397 3925 oet.
1415 3869 1471 3925 cot.

348 3974 410 4042 699.
434 3976 491 4032 biv.
503 3975 604 4040 XXIV,
617 3972 660 4030 30.
679 3973 818 4030 2ldaeeab.
834 3973 908 4040 xlv,
920 3972 958 4042 l),
977 3981 1028 4028 tam
1047 3989 1111 4032 sero
1130 3977 1147 4030 i.
1166 3993 1188 4030 e.
1206 3981 1247 4032 od
1264 3991 1414 4043 superum
1432 3995 1472 4030 re-

349 4091 450 4156 portata
474 4091 526 4148 est;
554 4084 657 4138 tertium
683 4081 845 4138 intervallum
872 4081 1003 4162 deseendit
1027 4082 1058 4136 ad
1085 4081 1263 4149 solomonem,
1286 4099 1374 4138 verum
1398 4082 1472 4138 illum

349 4193 495 4246 Noaolsem
514 4191 568 4244 sive
583 4192 667 4244 virum
686 4190 818 4260 requietis,
838 4207 889 4259 quo
910 4188 1011 4244 deatum
1030 4197 1151 4262 regnante
1165 4189 1271 4246 Davidia
1290 4189 1426 4246 eonsilium
1440 4191 1471 4244 ad

351 4307 469 4364 eventum
489 4315 565 4354 suum
583 4297 709 4369 perlatum
729 4305 776 4352 est.
804 4297 862 4352 Hor
874 4297 1056 4369 Fragmentum
1070 4295 1134 4354 adeo
1147 4297 1299 4352 laeunosum
1312 4305 1366 4352 erat
1378 4306 1403 4352 et
1415 4315 1472 4352 eor·

350 4414 468 4475 ruptum,
493 4413 522 4464 ut
545 4404 692 4475 conjectura
717 4406 742 4458 in
761 4420 920 4475 unoquoque
938 4403 1067 4460 versiculo
1086 4403 1229 4462 adhibenda
1247 4412 1323 4461 esset.
1360 4405 1396 4460 At
1413 4421 1472 4460 sea·

352 4527 409 4566 sum
428 4511 526 4579 saltim,
547 4513 569 4568 si
587 4529 639 4566 oon
658 4512 748 4579 verba,
767 4510 829 4565 mibi
849 4511 995 4568 restituisse
1012 4511 1111 4568 videor.
