3160 5170
680 317 754 390 175

610 418 823 430 u———au-

151 525 323 614 Fragmenti
351 529 446 592 nostri
475 527 621 614 particula
649 528 687 592 ad
709 527 871 592 Deuteron.
893 524 990 604 xta
1013 526 1206 614 producitur,
1237 527 1276 592 ad
1379 575 1382 579 -

151 652 231 716 illam
254 653 331 714 initii
354 655 438 739 quasi
462 655 647 718 iterationem
670 651 863 740 emphaticam
886 653 1104 738 perveniemus,
1129 673 1189 739 qua
1210 664 1276 716 tota

152 779 250 842 oratio
272 789 342 862 apta
364 789 393 841 et
411 778 542 843 rotunda
559 777 720 844 verborum
742 778 962 842 constmrctione
981 773 1082 841 orbem
1101 798 1189 842 suum
1204 798 1275 842 con·

151 900 239 966 ficiet.
274 900 304 966 A
325 905 481 988 promissis
504 902 652 969 beneficiis
672 906 814 990 incipiens
830 905 860 966 in
877 900 977 966 eadem
994 900 1102 966 desinit
1115 901 1276 990 Fragmen-

150 1039 216 1090 tum
239 1039 391 1105 nostrum,
415 1039 504 1115 atque
527 1032 569 1094 ita
590 1028 629 1094 ad
643 1031 722 1094 tertii
736 1028 906 1116 Fragmenti
922 1025 1138 1092 admonitiones
1153 1039 1274 1112 pontem

153 1153 335 1216 transmittit.
394 1202 398 1210 .
837 1153 840 1160 “

415 1441 460 1512 ΙΝ
485 1441 786 1516 FRAGMENTUM
812 1441 1015 1516 TERTIUM.

241 1649 390 1718 Serratam
421 1651 589 1718 dimidiatae
618 1665 745 1718 tesserae
774 1657 879 1732 aciem,
911 1676 970 1742 qua
999 1676 1065 1718 cum
1094 1652 1186 1718 altera
1213 1657 1274 1718 acie

151 1777 259 1842 collata
280 1779 395 1864 priores
418 1789 479 1842 tres
494 1777 583 1842 Deut.
600 1801 625 1842 e.
638 1779 705 1843 VIII
725 1779 887 1843 versiculos
910 1789 977 1842 ante
1000 1792 1118 1844 sextum
1134 1783 1210 1844 sexti
1226 1801 1273 1843 ca·
1291 1849 1296 1860 ⁶

149 1902 239 1990 pituli
263 1923 380 1966 versum
407 1902 564 1990 ponendos
587 1903 690 1988 judico
717 1916 807 1991 atquc
834 1907 876 1968 ita
899 1906 1003 1992 viginti
1032 1916 1092 1968 tres
1115 1927 1219 1970 versus
1242 1908 1273 1968 in

150 2049 243 2092 unum
259 2027 468 2116 Fragmentum
491 2028 700 2106 conciliandos,
724 2033 756 2093 in
777 2030 952 2115 repetitione
967 2027 1050 2094 verbi
1066 2020 1165 2119 Uilli,
1190 2029 1274 2116 quod

150 2155 182 2216 in
195 2155 300 2238 'primo
317 2151 495 2240 Fragmento
520 2171 586 2217 cum
603 2155 633 2217 vi
656 2152 783 2240 quadam
805 2156 930 2240 ponitur
953 2148 1053 2236 (Deut.
1065 2154 1104 2231 V,
1125 2150 1165 2236 1),
1190 2155 1274 2241 quod

150 2279 271 2342 tertium
305 2298 425 2364 quoque
456 2275 666 2366 Fragmentum
699 2279 839 2344 inchoare
873 2277 961 2344 debet
995 2273 1101 2360 (Deut.
1120 2278 1199 2356 VIII,
1225 2275 1271 2360 1),

152 2401 234 2489 qnod
257 2415 356 2466 autem
377 2406 409 2468 in
432 2402 534 2468 eodem
548 2403 726 2491 Fragmento
746 2406 856 2490 optime
873 2405 1028 2467 iteraretur
1047 2397 1147 2484 (Dent.
1159 2402 1210 2480 Vl,
1228 2399 1271 2484 6).

152 2526 240 2591 Tales
269 2529 439 2592 iterationes
467 2531 498 2593 in
526 2530 609 2616 rupti
638 2530 781 2593 orationis
806 2527 908 2594 ordine
931 2525 1114 2592 restituendo
1138 2527 1274 2592 nonnihil

151 2651 291 2738 ponderis
317 2652 442 2730 habere,
472 2655 570 2718 sciunt
592 2652 628 2730 ii,
660 2656 712 2742 qui
734 2652 847 2717 lesaiae
870 2654 1015 2718 vaticiniis
1040 2673 1160 2738 operam
1182 2674 1273 2716 nava·

152 2790 260 2842 venmt
283 2773 332 2860 (cl.
347 2776 407 2842 Jes.
420 2777 458 2854 V,
476 2776 528 2843 25.
552 2777 610 2856 IX,
629 2776 679 2856 12,
702 2776 753 2857 17,
771 2775 824 2842 21.
847 2777 886 2856 Χ,
906 2773 951 2860 4).
988 2775 1048 2842 Sed
1070 2780 1101 2840 in
1124 2777 1271 2841 hocloco

150 2905 339 2990 praecipuam
372 2902 460 2968 fidem
493 2905 588 2990 ipsius
619 2916 777 2969 contextus
805 2905 981 2968 testimoniis
1011 2901 1152 2968 attribuo.
1183 2885 1272 2968 ¹Nam

152 3049 265 3092 summa
294 3029 438 3116 gravitate
466 3031 647 3116 praecipitur
669 3041 704 3093 ut
731 3027 821 3116 probi
843 3029 989 3094 israelitae
1019 3031 1188 3097 memoriter
1211 3028 1273 3094 edi·

151 3165 234 3218 scant
262 3175 296 3216 ac
323 3165 468 3240 perpetuo
497 3152 676 3218 meditentur
697 3154 770 3219 haec
797 3157 862 3241 ipsa
891 3166 921 3218 et
950 3177 1025 3242 quae
1054 3167 1273 3242 praecesserant

150 3275 242 3342 verba
265 3273 429 3360 (DeutVl,
447 3276 477 3356 6,
495 3274 538 3361 9).
572 3278 637 3343 dam
660 3301 731 3343 vero
755 3278 842 3343 lesus
862 3277 1010 3356 Christus,
1036 3301 1127 3366 quum
1149 3280 1271 3344 insidias

150 3401 365 3467 sollicitationis
385 3403 551 3499 mundanae
571 3403 756 3493 repudiabat,
780 3403 836 3469 tela
852 3425 907 3467 sua
921 3424 959 3467 ex
973 3403 1032 3467 hoc
1047 3407 1270 3468 armamentario

150 3525 344 3615 deprompsit.
379 3527 455 3592 Nam
477 3542 537 3594 tres
560 3529 717 3596 dumtaxat
738 3530 891 3593 citationes
915 3525 1060 3604 adhibuit,
1085 3548 1193 3614 easque
1215 3527 1271 3591 hoc

150 3651 254 3716 ordine
278 3648 310 3734 a)
334 3652 516 3731 Deut.Vlll,
541 3651 572 3718 3.
597 3650 627 3737 b)
651 3652 810 3732 DeutVl,
836 3651 886 3718 13.
912 3648 940 3735 ο)
963 3650 1120 3730 Decem,
1142 3649 1193 3718 16.
1232 3650 1271 3717 Ut

148 3776 233 3842 vides
248 3777 397 3842 Lucanam
419 3782 624 3850 narrationem,
640 3793 759 3870 secutus
783 3801 862 3857 sum,
888 3800 964 3866 quae
982 3800 1037 3865 per
1052 3801 1082 3843 se
1098 3781 1270 3842 concinnius

149 3901 263 3980 evadit,
292 3925 360 3968 nam
386 3903 491 3968 melius
519 3908 678 3970 transimus
708 3927 725 3970 a
754 3903 828 3970 lame
857 3903 1027 3992 depellenda
1050 3903 1087 3968 ad
1110 3902 1270 3992 temporale

147 4026 318 4114 imperium,
353 4040 442 4116 atque
475 4029 544 4094 inde
578 4030 616 4095 ad
650 4029 766 4096 divinae
798 4032 947 4117 potentiae
980 4029 1268 4106 demonstrationem,

147 4173 237 4240 quam
261 4156 287 4218 si
310 4175 376 4218 cum
395 4153 548 4218 Matthaeo
572 4154 602 4218 id
627 4156 709 4241 quod
732 4155 894 4220 secundum
916 4168 962 4220 est
982 4158 1070 4221 tertio
1093 4154 1159 4220 loco
1182 4156 1270 4240 poni·

146 4299 224 4342 mus.
263 4277 430 4366 Assumpto
459 4281 566 4367 igitur,
597 4280 656 4344 hoe
677 4279 887 4368 Fragmentum
911 4281 981 4346 olim
1008 4303 1070 4348 uno
1092 4291 1195 4345 tenore
1219 4275 1270 4346 de-

147 4405 289 4484 currisse,
319 4416 412 4494 prout
434 4405 498 4493 jam
520 4408 626 4474 iterum
649 4409 847 4495 compositum
870 4419 929 4488 est,
952 4406 1054 4474 lesum
1077 4416 1175 4473 autem
1197 4405 1269 4473 haec
