3166 5178
814 348 864 421 38

279 582 382 629 otuu.
406 579 438 632 [4]
463 559 602 648 Gigantes
625 560 717 646 igitur
739 570 823 621 erant
845 579 935 645 super
957 570 1066 622 terram
1088 559 1119 620 iu
1143 555 1248 622 diebus
1271 556 1345 635 illis3

462 683 537 748 Nam
552 696 712 771 postquam
728 684 853 769 ingressi
869 695 940 746 sunt
954 681 1006 744 iiiii
1020 682 1175 746 hominum
1190 679 1229 744 od
1243 681 1317 744 filias
1333 679 1398 757 Dei,

918 817 1007 893 etque
1030 806 1086 869 hae
1107 818 1283 892 pepererant
1305 804 1372 880 illis,

464 933 542 996 Tum
565 933 627 996 nati
650 941 721 994 sunt
742 941 880 1016 potentes
896 930 953 1007 illi,
979 933 1031 1017 qui
1046 953 1063 994 a
1078 930 1169 1017 longo
1185 927 1253 992 inde
1268 940 1400 1015 tempore

920 1076 1027 1141 magno
1051 1057 1169 1118 nomine
1192 1051 1376 1118 fruebantur.

408 1199 440 1253 [o]
462 1181 548 1247 Vidit
571 1191 668 1245 autem
685 1173 790 1262 [Deus]
814 1179 897 1266 quod
919 1179 1113 1265 multiplicata
1135 1191 1181 1244 est
1199 1177 1329 1242 hominis
1349 1199 1401 1242 ne-

921 1305 1015 1392 quitia
1038 1306 1068 1366 in
1090 1306 1191 1380 terrio,

400 1407 403 1412 ‚
464 1429 504 1496 Et
518 1429 602 1518 quod
617 1449 703 1493 omne
717 1427 889 1516 figmentum
903 1430 1091 1514 cogitationis
1103 1426 1201 1491 eordis
1214 1427 1277 1513 ejus
1288 1447 1402 1492 merum

921 1551 1030 1615 malum
1054 1564 1116 1615 erat
1139 1555 1384 1638 omnitempore,

283 1699 395 1757 (rentur,
404 1701 441 1741 21.
466 1677 543 1761 Quia
564 1679 735 1766 figmentum
756 1675 853 1740 cordis
871 1677 934 1761 ejus
955 1675 1064 1739 malurn
1086 1688 1131 1740 est
1146 1675 1214 1739 inde
1231 1698 1248 1740 a
1264 1677 1400 1763 pueritia.

299 1823 354 1868 oen.
365 1823 407 1880 vr,
419 1824 441 1863 o.
465 1804 544 1867 Tum
559 1798 708 1888 poe'nituit
723 1795 857 1883 [Deum]‚
876 1799 957 1888 quod
972 1800 1122 1864 hominem
1137 1799 1254 1866 fecisset
1268 1803 1299 1863 in
1313 1811 1400 1876 terra,

411 1945 443 1999 [o]
466 1926 506 1991 Et
528 1925 625 1990 doluit
646 1929 678 1990 in
700 1924 788 1988 corde
812 1946 884 2003 su03
902 1923 1044 2011 'dixitque
1067 1923 1163 1988 Deus:

466 2049 555 2114 »Non
577 2062 721 2137 perpetuo
745 2046 882 2136 regnabit
903 2051 934 2113 in
956 2048 1076 2112 homine
1099 2050 1221 2135 spiritus
1244 2071 1326 2113 meus

466 2176 594 2261 Propter
615 2185 768 2261 peecatum
792 2194 911 2250 eorum,
936 2172 1050 2251 idest,
1073 2194 1197 2237 carnem.

468 2297 529 2363 Sed
551 2300 700 2364 constituo
725 2298 852 2375 homini,
877 2310 1018 2386 tanquam
1040 2301 1116 2363 vitae
1137 2299 1310 2374 terminum,
1336 2319 1403 2364 oeu-

922 2435 986 2486 tum
1009 2434 1039 2487 et
1060 2400 1166 2508 viginti
1188 2444 1313 2487 annosa

742 2614 949 2624 ———.--..-.-..

565 2843 865 2915 FRAGMENTUM
892 2843 1127 2946 SECUNDUM.

498 3011 598 3070 Fusior
619 3030 705 3089 eaque
724 3014 834 3090 poetica
854 3012 1013 3072 Jehovistae
1034 3013 1190 3092 deser1ptio.

287 3274 445 3388 ⁶⁶¹¹·¹¹⁷⁷·[‡j
468 3291 571 3357 Finxit
592 3292 707 3357 Jehova
730 3293 811 3358 Deus
834 3293 935 3358 limum
959 3293 995 3358 de
1017 3298 1150 3360 terrain
1172 3295 1334 3372 hominem,

466 3417 507 3482 Et
529 3419 654 3504 spiravit
675 3419 706 3480 in
730 3415 831 3482 faeiem
853 3419 917 3504 ejus
941 3421 1079 3506 spiritum
1101 3421 1195 3498 vitee3

468 3541 508 3606 Et
529 3540 623 3606 iaetus
647 3553 693 3606 est
714 3541 805 3607 homo
829 3545 860 3606 in
882 3546 1009 3608 animam
1032 3545 1187 3608 viventem.

413 3681 446 3736 [8]
468 3665 518 3732 Ab
541 3667 626 3732 initio
651 3678 748 3732 autem
762 3665 878 3733 Jehova
892 3667 973 3732 Deus
995 3667 1118 3732 hortum
1135 3667 1303 3734 delitiarum
1320 3669 1404 3756 plan·

923 3803 1050 3868 tereret,

467 3913 570 4001 Ibique
594 3916 748 3980 constituit
770 3914 935 3992 hominem,
961 3937 1047 4003 quem
1071 3916 1263 3982 confinxerat.

412 4055 444 4108 [e]
467 4039 689 4125 progenuitque
712 4037 828 4102 Jehova
850 4038 931 4104 Deus
955 4039 991 4104 de
1014 4040 1106 4106 humo

469 4161 563 4227 Omne
585 4161 698 4249 lignum
720 4166 788 4226 visu
809 4162 945 4251 pulcrum
968 4165 1059 4230 etad
1081 4165 1260 4232 vescendum
1282 4187 1387 4244 suave,

468 4285 616 4352 Arborum
640 4290 726 4354 etiam
748 4289 975 4356 immortalitatis
998 4293 1030 4354 iu
1051 4290 1148 4355 medio
1172 4289 1269 4366 horti,

467 4409 674 4500 Arboremque
696 4417 874 4504 cognitionis
896 4413 1047 4480 bonorum
1069 4435 1103 4478 ae
1125 4414 1279 4480 malorum.
