3172 5186
612 285 824 399 *aar*

152 501 249 586 gissa,
280 516 343 562 non
371 497 428 560 nisi
451 492 567 561 Jebora
595 496 768 583 adjurante,
798 495 956 583 profitetur
977 497 1144 586 relligiosus
1167 498 1277 564 Psalmi

152 627 251 687 nostri
275 625 413 710 scriptor.
450 619 530 703 Quid
553 619 693 708 quaeris?
716 622 787 685 haec
811 634 889 699 sunt,
915 625 939 686 si
956 637 1126 710 quaesunt,
1152 645 1276 688 coaevae

154 749 410 812 commentationis
434 745 549 810 indicia.
596 745 838 810 vetustissimum
869 760 967 812 autem
993 748 1050 812 hoc
1074 769 1189 814 carmen
1212 769 1276 813 esse

154 893 188 935 eo
214 870 437 958 comprobatur,
462 869 546 957 quod
567 874 598 934 in
621 870 763 948 secunda,
792 871 850 935 hoc
876 884 936 948 est,
967 876 1171 958 antiquissima
1192 873 1277 938 Psal-

152 1017 271 1061 morum
294 994 507 1060 Daridicornm
532 998 675 1072 sectione,
706 1019 772 1060 cum
799 999 834 1060 iis
864 996 982 1082 hymnis
1010 1000 1062 1083 qui
1091 995 1129 1060 ad
1151 996 1275 1061 Doridis

152 1121 308 1186 historiam
331 1123 468 1208 proxime
492 1133 634 1207 spectant,
659 1122 812 1208 pristinam
838 1119 935 1184 sedem
957 1124 1072 1185 retinet.
1107 1122 1174 1186 Huc
1194 1143 1276 1187 acce·

152 1246 205 1310 dat
228 1246 331 1311 crebra
352 1246 402 1310 illa
424 1245 516 1333 hujus
540 1249 708 1333 scriptionis
732 1249 763 1310 in
778 1245 948 1311 Jasharanis
971 1246 1121 1310 cantilenis
1137 1249 1272 1313 imitatio.

150 1370 228 1435 Nam
262 1384 422 1458 postquam
457 1370 586 1435 Darides
624 1371 830 1458 significasset,
871 1393 902 1435 sc
936 1393 1033 1458 regem
1066 1370 1175 1435 facturn
1210 1393 1274 1436 esse

151 1494 315 1572 Sichemae,
341 1493 534 1572 Gileaditidis,
558 1495 804 1573 Manassacitidis,
829 1495 939 1560 scilicet
961 1518 1060 1560 earum
1084 1499 1124 1560 cis
1148 1509 1177 1560 ct
1191 1509 1273 1560 trans

150 1620 318 1686 Jordanum
339 1623 504 1708 regionum,
530 1620 581 1684 uhi
603 1619 741 1686 Abncrus
764 1620 993 1686 lshboshethurn
1017 1624 1195 1685 constituere
1218 1643 1273 1684 ro·

150 1747 256 1810 luisset
285 1742 471 1828 (281111,
488 1743 518 1820 8,
537 1741 585 1826 9),
615 1746 698 1810 addit
725 1746 918 1833 Ephraimum
948 1767 1012 1809 esse
1039 1744 1134 1809 robur
1168 1749 1272 1834 capitis

151 1875 208 1948 sui,
232 1870 375 1936 Judaeam
398 1882 497 1934 autem
518 1881 672 1957 saeptam
695 1865 830 1977 (ΡΡΠΡ)
854 1871 911 1935 sibi
933 1871 1090 1936 tradidisse
1106 1865 1168 1952 (rr.
1182 1869 1212 1948 8,
1226 1867 1270 1953 9).

150 1996 209 2062 Ubi
233 1999 301 2083 quis
323 2019 385 2060 non
409 1995 617 2061 animadvertit
631 2009 781 2061 auctorem
795 1996 1008 2062 benedictionis
1024 1995 1168 2061 Jacobcae
1185 1995 1270 2074 (Gen.

149 2121 266 2200 XLIX,
291 2119 345 2199 10,
370 2119 426 2203 26)
456 2120 515 2185 1111
545 2120 583 2184 ad
611 2120 701 2186 verba
728 2125 794 2209 ipsa
822 2135 957 2187 nostrum
993 2144 1108 2187 carmen
1139 2135 1272 2188 secutum

150 2241 240 2306 esse?
261 2239 375 2310 Deinde
397 2249 463 2333 ipsa
484 2247 596 2326 locutio
621 2246 716 2324 docet,
741 2261 890 2312 auctorem
906 2250 1123 2311 vaticinationis
1138 2246 1269 2324 Bileami‚

150 2389 244 2454 quum
260 2369 296 2434 dc
311 2371 367 2434 hac
382 2374 447 2457 ipsa
461 2371 676 2448 idumaeorum,
701 2371 910 2447 Moabitarum,
936 2370 1119 2459 aliorumque
1138 2372 1270 2438 hostium

149 2494 405 2560 tumultuosorum
428 2495 621 2562 debellatione
638 2500 815 2561 mentionem
830 2496 952 2572 faceret,
977 2497 1057 2560 hunc
1073 2500 1173 2583 ipsum
1186 2496 1271 2561 Psal-

150 2641 230 2682 mum
247 2614 309 2700 (rr.
325 2617 375 2698 11,
392 2616 445 2702 ld)
462 2635 528 2686 ante
545 2623 647 2686 oculos
664 2621 803 2686 habuisse
820 2617 899 2703 (ride
911 2619 999 2685 Num.
1012 2620 1123 2699 XXIV,
1136 2619 1186 2698 17,
1204 2616 1267 2702 18).

149 2744 191 2808 lta
216 2748 297 2808 omni
326 2768 364 2810 ex
391 2760 475 2834 parte
499 2771 639 2836 apparere
663 2748 750 2812 debet
772 2748 852 2812 hunc
874 2747 1024 2811 Psalmum
1046 2744 1170 2809 Doridis
1194 2767 1268 2822 csse,

150 2883 179 2933 et
202 2870 241 2933 ad
264 2893 326 2937 eam
348 2872 471 2937 Daridis
496 2877 648 2938 victoriam
672 2886 803 2961 spectare
827 2893 902 2960 quac
920 2876 951 2936 in
971 2871 1059 2937 titulo
1076 2871 1267 2958 significatur.
1369 2842 1370 2845 ¹

149 2993 313 3060 dasharana
336 2998 399 3083 ejus
422 2997 536 3064 indoles
559 2999 730 3086 ubicunque
757 3001 917 3085 conspicua
946 3010 1005 3075 est,
1036 3009 1066 3061 ct
1092 3000 1118 3060 si
1139 2997 1268 3064 Davides

150 3133 254 3185 auctor
270 3135 340 3200 erat,
363 3122 507 3187 Davidem
531 3124 606 3189 hanc
621 3128 810 3211 scriptionem
833 3148 850 3189 a
872 3125 987 3212 populo
1012 3129 1068 3189 su'o
1087 3123 1268 3190 decantatam
1307 3153 1310 3170 ·

149 3246 279 3312 voluisse
302 3270 356 3334 per
378 3271 417 3340 se·
432 3252 503 3314 satis
526 3250 628 3337 liquet.

237 3374 270 3437 ln
293 3372 392 3438 verbis
415 3375 506 3461 hujus
530 3377 634 3439 cantici
655 3395 717 3439 non
739 3373 831 3438 multa
860 3386 945 3451 sunt,
976 3395 1051 3460 quae
1078 3376 1268 3460 interpretem

149 3499 330 3577 desiderent,
360 3500 515 3588 philologo
544 3500 656 3578 saltim,
682 3499 798 3587 qualem
820 3511 849 3562 te
871 3497 965 3586 fingo,
995 3498 1097 3562 lector.
1145 3497 1269 3563 Stator

149 3620 190 3706 (r.
209 3620 242 3706 8)
271 3638 334 3690 erat
361 3624 433 3690 urbs
469 3629 499 3689 in
534 3638 674 3690 montana
707 3623 930 3712 Ephraimitidis
963 3628 1097 3712 regione,
1135 3620 1268 3690 Soccoth

147 3762 246 3813 autem
270 3750 413 3837 oppidum
435 3749 608 3816 Gaditarum
630 3763 711 3814 trans
727 3749 892 3813 Jordanum
914 3752 944 3812 in
969 3747 1143 3812 Gileaditide
1166 3752 1264 3812 situm.

149 3873 239 3957 Quod
267 3879 308 3939 ait
335 3899 388 3941 rex
417 3898 447 3940 se
475 3876 596 3940 devictis
619 3875 761 3941 Moabitis
789 3888 930 3962 tanquam
958 3874 1045 3939 labro
1074 3875 1196 3938 elucere
1219 3873 1266 3937 rel

141 4000 280 4087 pellearia
302 4023 427 4065 usurum
450 4001 617 4088 profitetur,
641 4004 815 4088 interpretes
840 3999 924 4064 obliti
942 4012 1012 4063 sunt
1034 4002 1064 4062 in
1079 4002 1122 4063 rei
1137 3976 1266 4062 illustra-

147 4129 258 4190 tionem
286 4127 388 4192 afferre
415 4127 512 4191 locum
536 4125 682 4191 Herodoti
706 4121 751 4208 (ll,
772 4122 861 4206 172),
893 4124 945 4188 ubi
968 4125 1034 4188 vilis
1064 4125 1130 4188 talis
1153 4124 1266 4188 vasculi

146 4273 220 4314 usus
251 4252 447 4339 significatur:
477 4251 595 4318 Amasis
625 4255 702 4316 enim
728 4263 764 4315 ut
786 4249 953 4338 Aegyptios
984 4247 1113 4314 ludibrio
1143 4247 1266 4313 haberet

147 4388 274 4441 statuam
304 4377 359 4441 Dei
388 4376 549 4443 faciendam
563 4393 565 4400 ·
578 4378 693 4444 curarit
723 4375 758 4440 ἐκ
784 4373 1023 4460 ποδανιπτῆρος
1050 4373 1202 4460 χρυσέου,
1232 4370 1266 4448 ἐς

1016 4494 1048 4550 21
