3172 5186
667 357 741 432 351

150 566 187 632 dc
215 588 246 630 sc
276 569 448 653 scripsisse«
478 566 516 632 ad
549 567 646 633 locum
680 568 761 632 illurn
790 566 1008 632 celeberrimum
1039 566 1262 632 Deuteronomii

151 688 273 774 (xvir,
293 688 334 758 18
349 689 428 780 sqq.)
452 705 597 778 spectaret
619 689 833 774 (eddoneml,
850 690 904 756 45.
928 693 995 758 Act
1006 691 1113 779 Apoat.
1125 692 1177 768 lid,
1195 689 1261 774 22).

151 815 241 899 Quod
267 819 293 882 si
315 815 430 893 Moses,
453 816 525 882 Jesu
552 821 618 906 ipso
642 831 731 895 teste,
754 817 1017 884 Deuteronomium
1046 816 1119 882 iliud
1140 817 1263 882 dehovi·

149 945 254 1008 aticum
277 945 442 1031 scripserit,
467 943 569 1010 codem
593 957 665 1010 teste
691 965 752 1010 non
780 946 879 1029 potuit
901 941 1026 1009 scribere
1049 943 1262 1029 discrepantem

149 1067 288 1155 Decalogi
311 1067 448 1146 sormam,
473 1090 548 1155 quae
573 1071 604 1134 in
625 1069 733 1136 Exodo
757 1072 962 1157 consignatum
993 1071 1068 1133 etsi
1094 1089 1161 1132 vera
1190 1068 1267 1153 legis¹

148 1193 276 1258 medulla
298 1198 328 1258 in
342 1193 574 1262 Deuteronomio
591 1195 756 1284 quaerenda
780 1207 833 1272 cst,
849 1193 981 1260 Mosaiea
1005 1196 1165 1258 auctoritas
1183 1191 1263 1257 nulla

150 1323 240 1384 estin
256 1318 425 1384 Elohisticis
440 1319 560 1386 Levitici
577 1324 756 1398 ceremoniis,
780 1343 854 1408 quas
869 1319 1014 1387 Dominus
1036 1333 1138 1386 noster
1152 1320 1263 1404 apertis

150 1443 248 1510 verbis
271 1443 435 1532 abrogavit.
466 1444 555 1528 Quod
577 1449 668 1534 igitur
690 1450 720 1512 in
735 1446 936 1512 Pentateucho
951 1467 1005 1535 per
1021 1467 1053 1510 se
1069 1445 1264 1512 Elohisticum

150 1583 208 1646 cst,
233 1568 309 1634 idern
333 1583 378 1636 cst
399 1575 542 1638 recentius
566 1595 617 1647 eo,
643 1571 725 1659 quod
750 1595 803 1659 per
826 1595 856 1638 sc
880 1585 925 1638 cst
946 1571 1170 1636 Jehovisticom.
1204 1570 1264 1636 Ac·

150 1694 235 1771 cedit,
252 1694 332 1782 quod
355 1699 386 1760 in
408 1696 504 1765 tribus
526 1697 645 1784 reliquis
660 1697 851 1762 Pentateuchi
874 1696 1018 1785 partibus,
1041 1696 1071 1760 id
1095 1696 1177 1784 quod
1192 1695 1263 1761 Elo-

150 1819 286 1885 histicum
310 1833 354 1886 est
376 1835 520 1909 perpetuo
544 1826 628 1910 quasi
655 1835 755 1888 tenore
780 1822 923 1899 decurrit,
946 1823 1143 1889 Jehovisticae
1165 1835 1262 1886 autem

149 1948 319 2032 portiones,
349 1958 488 2032 tauquam
513 1951 654 2034 purpurei
678 1951 784 2035 panni,
815 1961 986 2013 contextum
1010 1953 1108 2035 operis
1135 1948 1185 2012 hic
1205 1947 1264 2012 illic

150 2069 347 2158 distinguunt.
379 2071 511 2158 Denique
535 2093 625 2158 quum
646 2072 845 2138 dehovisticus
868 2073 1091 2139 Deuteronomii
1113 2073 1186 2139 libor
1207 2095 1264 2160 po·

149 2208 237 2261 natur
260 2195 389 2272 ultimus,
411 2197 591 2284 cosmoiogia
605 2199 766 2264 Elohistica
788 2199 978 2286 praefationis
1001 2200 1067 2264 loco
1092 2203 1173 2286 opcri
1196 2201 1264 2263 uni·

150 2343 236 2384 verso
265 2321 447 2408 praefigitur.
491 2321 570 2388 Haec
593 2327 705 2400 omnia,
736 2335 770 2388 ut
792 2325 862 2389 mihi
886 2325 1002 2412 quidem
1030 2325 1161 2400 videtur,
1191 2326 1263 2388 satis

150 2458 394 2542 argumentantur
413 2446 644 2514 Pentateuchum
667 2448 703 2513 ab
721 2449 854 2514 Elohista
879 2450 1006 2538 quodam
1031 2472 1067 2514 ex
1083 2449 1263 2514 Jchovistica

149 2574 269 2639 materia
295 2569 385 2638 fuisse
408 2571 577 2638 conflatum.
617 2573 752 2657 Quonam
781 2579 806 2640 is
835 2589 966 2662 tempore
990 2575 1111 2640 editoris
1135 2572 1262 2639 officium

149 2700 325 2784 susceperit,
355 2699 379 2760 si
401 2701 586 2784 quaerimus,
609 2721 671 2764 non
694 2700 801 2766 desunt
830 2713 923 2766 certae
947 2699 1089 2788 quaedam
1118 2700 1263 2786 synchro-

149 2824 236 2886 nismi
259 2834 356 2887 notae.
400 2822 500 2909 Atque
523 2823 685 2890 Elohistam
710 2848 770 2891 non
799 2839 884 2890 antea
905 2847 1023 2890 manum
1050 2847 1134 2889 suam
1155 2825 1263 2890 Penta-

148 2947 257 3012 teucho
282 2947 456 3025 admovisse,
482 2969 568 3036 mam
588 2949 692 3015 tudaei
716 2955 745 3015 in
767 2951 934 3038 Babylonia
956 2950 1066 3015 multos
1083 2952 1144 3037 jam
1168 2973 1263 3016 annos

150 3075 372 3149 contrivissent,
396 3087 519 3162 apparet
548 3096 585 3139 cx
615 3076 663 3140 illa
693 3099 789 3142 rernm
818 3076 1065 3164 Babylonicarum
1096 3079 1262 3163 cognitione

150 3219 237 3285 quam
253 3198 430 3263 Eiohisticae
446 3199 594 3265 Geueseos
616 3205 769 3288 portiones
792 3225 863 3289 prae
886 3225 917 3267 sc
938 3202 1045 3268 ferunt.
1074 3201 1149 3266 iliud
1165 3215 1262 3266 autern

151 3327 275 3411 »partim
305 3324 420 3411 singula
443 3324 587 3390 vocabula
611 3327 787 3402 ostendunt,
812 3349 887 3414 quac
916 3350 976 3392 non
1008 3340 1135 3414 possunt
1162 3331 1220 3392 nisi
1248 3349 1262 3392 c

149 3449 250 3536 lingua
274 3449 410 3514 chaldaea
433 3454 540 3516 rectius
563 3445 736 3539 intelligi¹)‚
760 3455 866 3538 partim
894 3474 939 3516 res
964 3464 993 3516 ct
1015 3455 1173 3515 sententiae
1196 3473 1263 3538 per·

150 3574 283 3650 suadent,
301 3597 424 3662 quarum
448 3580 553 3642 notitia
576 3589 642 3663 apte
666 3580 769 3664 nequit
791 3576 908 3642 aliunde
922 3581 987 3664 ¹peti
1006 3573 1048 3657 (v.
1062 3599 1085 3640 c.
1100 3576 1132 3652 ΙΙ,
1150 3573 1261 3642 11-14.

149 3699 188 3776 Χ,
205 3700 293 3787 isqq.
317 3701 368 3777 Xl,
385 3699 452 3767 1-9.
466 3699 517 3766 28.
532 3699 584 3767 31.
608 3702 720 3778 XXXI,
736 3700 807 3783 47);
831 3703 976 3768 israelitas
993 3713 1090 3766 autern
1106 3714 1190 3768 antea
1205 3701 1263 3766 Ba·

149 3824 297 3912 byloniam
314 3830 410 3890 minus
426 3830 572 3914 cognitam
589 3826 736 3904 habuisse,
754 3849 876 3915 eamque
891 3831 1007 3893 minime
1023 3828 1172 3892 caviliatos
1188 3849 1261 3903 csse,

149 3950 274 4018 donant
292 3951 412 4038 112099.
420 3952 457 4027 V,
474 3951 525 4016 10.
548 3951 612 4018 Iob.
624 3953 645 4029 1,
659 3951 689 4017 3.
715 3951 839 4040 211999.
852 3953 921 4029 XX,
938 3944 1040 4034 14⁸²).
1064 3951 1143 4017 Sunt
1165 3956 1261 4026 etiam,

149 4088 184 4142 ut
208 4077 279 4142 alias
304 4070 554 4159 demonstrem,
579 4079 720 4144 nonnulla
749 4083 807 4142 tam
841 4082 870 4142 in
899 4079 1080 4166 cosmologia
1103 4077 1263 4144 Elohistica

221 4269 241 4336 ¹)
261 4267 296 4324 cf.
309 4269 409 4335 Bohlm,
430 4268 535 4325 Gercesia
553 4269 571 4336 1,
588 4288 612 4343 p.
626 4268 660 4324 73
679 4270 750 4324 Vcrs.
761 4269 834 4342 Argi.

219 4367 241 4434 ²)
261 4367 407 4433 Schumnnn,
429 4366 533 4423 Genesis
551 4386 575 4438 p.
586 4367 665 4423 LXX.

219 4466 243 4533 ⁸)
263 4467 397 4553 Ultrictinn
415 4465 565 4538 Orttcdocy
583 4483 607 4538 p.
621 4465 678 4520 133.
