3166 5178
857 399 884 446 X

313 560 414 629 niturn
436 561 514 630 illud
536 583 644 630 suum:
667 564 718 649 „si
739 563 811 648 quis
833 553 1005 648 novi'quid
1026 566 1198 651 protulerit,
1219 566 1254 632 in
1276 565 1425 652 opinione

315 691 375 737 sua
396 670 597 738 defendenda
619 671 800 739 serututem
828 668 1012 758 serviet“¹).
1413 753 1416 761 Ι

380 778 430 844 De
447 778 519 865 ipsa
533 778 604 845 libri
619 778 813 846 confectione
835 800 899 846 non
915 801 994 865 opus
1010 787 1059 846 est
1073 786 1108 847 ut
1122 779 1244 865 prolixe
1259 781 1424 848 disseram.

313 883 426 951 Latine
438 885 551 971 scripsi
561 892 736 972 propterea,
749 886 834 970 quod
845 886 887 953 ad
894 887 1018 954 (ilerum
1030 888 1204 973 concionor‚
1214 909 1316 972 neque
1327 889 1425 955 ullam

313 991 377 1058 nisi
387 1012 458 1060 cum
470 992 570 1059 doctis
582 993 658 1060 viris
673 994 936 1061 concertationem
950 1016 1094 1080 provoco.
1116 995 1300 1081 Imperitum
1311 991 1425 1080 vulgus

314 1105 347 1165 et
368 1099 536 1167 seditiosos
559 1101 696 1186 partium
719 1100 816 1168 ducos
838 1101 892 1168 odi
915 1108 946 1168 ct
961 1123 1062 1170 arceo.
1091 1099 1153 1181 Qui
1176 1103 1207 1189 si·
1226 1101 1425 1170 mediocriter

313 1206 441 1292 sapiunt
455 1206 539 1274 bunc
553 1208 666 1274 librum
681 1208 727 1274 ita
740 1208 911 1294 negligent,
932 1215 968 1276 ut
982 1209 1011 1276 si
1031 1210 1149 1296 publici
1166 1209 1249 1297 juris
1264 1229 1423 1294 nunquam

313 1313 415 1380 factus
427 1321 521 1381 esset.
544 1315 610 1400 Sin,
623 1314 707 1398 quod
723 1322 816 1382 antea
831 1315 980 1400 fecerunt,
996 1337 1100 1384 meam
1115 1318 1304 1384 sententiam
1319 1337 1423 1384 eoram

312 1421 429 1507 populo
446 1421 640 1488 recitandam
662 1418 930 1507 existimabunt²),
952 1425 1151 1491 meminerint
1173 1425 1227 1491 isti
1249 1446 1284 1491 se
1306 1426 1425 1492 nullam

313 1549 407 1601 ame
429 1529 502 1596 libri
524 1529 557 1594 in
576 1529 778 1596 vernaculum
801 1551 978 1598 sermonem
1001 1532 1202 1599 convertendi
1221 1534 1347 1600 veniam
1370 1533 1426 1598 im·

313 1641 466 1722 petraeae,
486 1643 517 1704 et
532 1657 567 1704 se
582 1635 669 1723 ipsos
685 1637 929 1724 nominentur,
945 1640 1030 1722 quod
1052 1638 1169 1705 inscios
1189 1639 1340 1706 laicorum
1362 1638 1425 1708 foe

313 1744 530 1827 minarumque
551 1744 674 1810 animos
689 1745 886 1813 offenderint.
913 1745 965 1811 Ad
986 1746 1137 1812 orationis
1157 1767 1258 1830 gemm
1274 1746 1359 1831 quod
1381 1753 1425 1813 at

314 1851 402 1934 tinet,
418 1851 571 1937 puerilem
592 1850 715 1918 illorum
729 1853 893 1936 gloriolam
916 1860 1102 1938 aspernatus
1126 1873 1204 1938 sum,
1221 1854 1276 1937 qul
1290 1855 1425 1921 incorru-

313 1965 400 2044 ptam
423 1957 621 2025 Oiceroniaui
643 1960 796 2026 sermonis
819 1960 1030 2044 integritatem
1053 1960 1170 2026 imitari
1191 1961 1308 2028 volunt.
1341 1961 1425 2028 lllud

313 2065 391 2132 mihi
418 2065 497 2132 satis
525 2072 587 2150 est,
610 2072 645 2132 ut
667 2065 737 2132 sine
765 2067 954 2133 calamistris
982 2074 1014 2133 et
1041 2067 1155 2134 fucatis
1185 2067 1423 2136 medicamentis

312 2193 417 2240 meam
440 2172 628 2240 sententiam
650 2172 690 2238 iis
712 2173 841 2258 planam
856 2173 980 2256 faciam,
995 2193 1074 2256 qnos
1095 2175 1266 2260 praecipue
1289 2175 1424 2262 appello,
1453 2208 1454 2212 ¹

312 2279 466 2364 theologis
489 2281 544 2363 qui
565 2280 669 2347 latiori
691 2280 817 2347 criticae
840 2281 1031 2346 incumbunt.
1053 2280 1210 2362 Equidem
1233 2283 1327 2362 credo
1349 2303 1424 2350 non·

313 2387 388 2454 dnm
404 2387 577 2472 collapsam
596 2407 667 2454 esse
681 2405 784 2471 neque
800 2387 1042 2454 intermortuam
1057 2393 1194 2454 ueterem
1210 2389 1296 2456 ibam
1312 2391 1423 2456 Roma-

312 2515 422 2561 norum
444 2495 593 2580 linguam,
616 2494 646 2560 si
668 2495 739 2578 quis
761 2515 832 2560 eam
855 2494 888 2560 in
910 2493 1005 2560 docta
1025 2494 1156 2561 materie
1179 2497 1221 2562 ad
1237 2515 1318 2564 suas
1341 2497 1423 2582 cogi-

311 2602 447 2669 tationes
462 2601 684 2688 exprimendas
700 2601 870 2685 adhibebit
886 2601 954 2668 sine
974 2600 1087 2686 putida
1101 2601 1156 2669 illa
1172 2602 1344 2686 diligentia,
1360 2623 1424 2686 qua

311 2715 463 2792 tanquam
485 2709 616 2775 nutricis
639 2708 740 2774 fascia
762 2709 925 2776 instabiles
940 2729 1108 2794 puerorum
1129 2709 1247 2794 graden
1267 2729 1423 2792 gramma-

311 2816 366 2882 tiei
382 2815 609 2905 informatores
633 2821 818 2881 sustentant.

377 2922 470 2988 Hune
484 2922 579 3005 igitm
599 2921 721 3006 librum,
742 2921 969 3005 qualiscunque
983 2922 1112 2989 tandem
1134 2929 1191 3006 est,
1212 2923 1281 2990 Dco
1296 2923 1422 3010 Optimo

311 3029 449 3096 Maximo
477 3029 590 3095 iterum
612 3028 811 3113 commendo,
835 3028 953 3114 qnippe
976 3050 1070 3112 quem
1098 3031 1183 3096 nullo
1206 3030 1269 3097 alio
1291 3032 1422 3099 consilio

312 3137 501 3222 scripserim,
516 3157 611 3220 quam
634 3143 669 3202 ut
682 3135 828 3202 nrtntem
850 3136 1062 3222 pietatemque
1081 3156 1292 3223 promoveam.
1313 3137 1355 3204 Et
1375 3139 1419 3206 ia-

311 3244 359 3311 xit
374 3244 442 3328 llle,
462 3251 497 3311 ut
518 3265 590 3311 mea
604 3245 709 3328 verba,
730 3249 884 3327 quatenus
907 3264 947 3310 ea
968 3263 1038 3310 cum
1053 3244 1159 3330 Ipsius
1178 3245 1338 3312 voluntate
1353 3265 1422 3312 con-

311 3357 433 3436 gruant,
448 3352 599 3418 bonorum
617 3350 870 3434 eruditorumque
886 3349 1023 3418 studium
1040 3371 1078 3418 ao
1093 3351 1232 3435 savorem
1248 3353 1422 3420 concilient

378 3476 599 3562 Cantabrigioe
621 3499 650 3544 a.
666 3477 696 3543 d.
712 3477 768 3542 111.
783 3475 829 3542 Id.
843 3475 1012 3542 Januarias
1027 3475 1235 3542 MDOOOLX.

366 3672 387 3738 ¹)
406 3669 440 3740 „1
457 3683 504 3726 soe
521 3686 539 3724 a
556 3684 620 3726 man
636 3673 711 3726 must
728 3664 816 3724 either
834 3666 940 3724 resolve
957 3672 987 3724 to
1004 3673 1055 3738 put
1071 3673 1120 3726 out
1130 3667 1248 3740 nothing
1260 3685 1329 3740 new,
1348 3673 1421 3726 orto

312 3757 425 3815 become
443 3775 460 3814 a
478 3759 554 3814 slave
571 3764 600 3815 to
619 3757 720 3814 defend
738 3757 784 3812 11.α
820 3758 906 3822 (Isaac
924 3757 1041 3814 Newton
1059 3762 1088 3814 to
1106 3758 1284 3830 oldenburg.)

364 3847 384 3916 ²)
403 3847 474 3904 Vide
492 3849 646 3922 Edinbnryb
662 3849 772 3914 Restare,
790 3846 870 3916 April
883 3847 961 3902 1851.
980 3863 1006 3916 p.
1020 3846 1081 3902 512.
1204 3897 1212 3904 .
