3152 5160
831 385 880 462 56

286 585 389 678 'Quod
416 605 440 666 si
469 563 539 690 quis
563 601 637 666 hanc
666 602 929 687 interpretationem
958 603 1053 664 minus
1082 597 1233 674 honestam
1256 597 1412 685 judicabit,

303 749 389 816 quam
412 727 538 816 quaein
560 746 674 792 sacrum
697 739 792 790 vatem
815 729 980 802 conveniat,
1004 723 1035 789 id
1056 728 1153 812 ipsum
1176 725 1306 811 objiciet,
1332 723 1415 811 quod

302 850 401 918 Veteri
428 853 614 918 Testamento
643 850 842 940 exprobrabat
864 849 1024 916 Voltairius
1058 845 1198 932 (betereo
1226 847 1412 930 d'Amobcd,

304 977 419 1056 Comes,
441 979 487 1055 III,
510 1001 539 1065 p.
555 973 641 1060 307).
670 977 745 1042 Nam
766 980 797 1040 in
819 980 908 1041 sacris
931 979 1081 1063 scripturis
1104 976 1196 1040 multa
1216 975 1412 1048 inveniuntur,

303 1125 376 1192 quae
398 1103 483 1168 uobis
499 1101 775 1192 quidemffobscoena
797 1115 875 1179 sunt,
900 1101 1087 1167 orientalibus
1111 1114 1206 1166 autem
1230 1113 1312 1165 erant
1329 1097 1412 1163 fami·

303 1229 383 1294 liaria
406 1224 489 1311 (vide
512 1227 587 1293 iufra
608 1251 637 1316 p.
655 1227 734 1295 216:
763 1227 799 1292 cf.
822 1227 946 1305 Lowth,
972 1227 1010 1292 de
1032 1250 1122 1292 eocro
1142 1227 1233 1314 poesi
1254 1221 1413 1290 Hebraeo·

169 1353 174 1365 '
302 1376 381 1437 mm,
397 1353 536 1419 Praelcct.
549 1348 659 1430 XXXI,
678 1371 729 1441 pp.
743 1353 817 1432 302,
834 1349 908 1418 303.
932 1352 1017 1418 Vers.
1030 1353 1118 1439 Angl.
1135 1353 1169 1429 u,
1186 1375 1236 1440 pp.
1250 1349 1314 1416 318
1325 1345 1412 1438 sqq.).

303 1477 343 1544 Ut
358 1479 470 1544 silentio
485 1493 664 1566 praeteream
677 1479 753 1544 θαι.
760 1477 841 1557 XIX,
850 1478 880 1556 b,
888 1478 940 1544 32.
957 1475 1097 1555 XXXIV,
1104 1477 1134 1554 2,
1142 1475 1194 1542 25.
1212 1475 1351 1551 XXXIX,
1361 1474 1412 1539 12.

285 1604 397 1682 ‚Nom
410 1603 508 1682 XXV,
528 1605 558 1670 8.
593 1605 700 1692 lRep.
711 1603 792 1682 XXI,
809 1604 861 1670 21.
889 1603 951 1670 Jes.
963 1603 1061 1682 XXX,
1079 1603 1130 1670 22.
1160 1601 1257 1668 Ezelc.
1269 1600 1374 1676 XVIII,
1393 1599 1413 1664 6

304 1743 333 1794 et
355 1732 419 1808 alia,
443 1753 516 1819 quae
539 1733 569 1794 in
592 1732 716 1795 ecclesiis
739 1731 854 1818 publice
876 1731 1092 1817 praeleguntur,
1118 1727 1187 1816 quid
1209 1727 1333 1814 planius,
1357 1727 1412 1802 vel,

304 1859 328 1919 si
351 1845 457 1932 mavis,
481 1855 670 1932 obscoenius,
700 1855 755 1920 dici
776 1868 888 1942 potest,
917 1877 1003 1943 quam
1031 1855 1080 1919 illa
1108 1877 1182 1943 quae
1210 1852 1246 1917 dc
1268 1851 1413 1917 llramare

303 1980 471 2067 produntur
493 1976 583 2063 (Gen.
598 1979 767 2057 XXXVIII,
784 1979 822 2056 9,
840 1979 896 2057 28,
914 1975 996 2062 Ml?
1020 1993 1048 2044 et
1070 1977 1140 2066 quid
1163 1977 1242 2065 apud
1268 2001 1316 2042 eos
1341 1980 1417 2042 scri-'

303 2118 403 2193 ptores
426 2129 485 2170 non
507 2103 640 2183 ieramus,
666 2108 716 2194 qui
738 2129 851 2192 semper
874 2119 902 2170 et
923 2105 1033 2194 ubique
1052 2103 1141 2168 ¹voces
1158 2080 1236 2208 h'ttt
1260 2116 1289 2168 et
1310 2079 1413 2206 itlJ'ttj

305 2233 365 2297 sine
392 2231 452 2295 ulla
481 2234 744 2318 circumscriptione
771 2232 817 2294 vel
845 2230 1019 2295 verecundia
1048 2226 1221 2317 prolerrmtl
1266 2199 1415 2293 »Caveant

304 2360 393 2445 igitur
421 2360 599 2421 severiores«
620 2351 833 2439 (Valckenaerii
858 2355 946 2420 verba
974 2367 1058 2432 sunt,
1083 2355 1127 2419 od
1147 2354 1288 2420 Ammon.
1311 2375 1341 2440 p.
1357 2349 1413 2433 41)

305 2505 360 2547 »ue
382 2495 511 2547 nostram
533 2485 564 2545 in
590 2481 636 2546 bis
659 2481 837 2569 exponendis
860 2481 1035 2566 diligentiam
1058 2480 1165 2544 insulse
1191 2477 1412 2566 reprehendant.

303 2607 409 2674 Placet·
424 2611 528 2672 veterr's
550 2619 653 2693 poetae
674 2606 790 2684 dictum,
814 2629 872 2694 quo
887 2606 1086 2693 importunum
1108 2605 1262 2693 aliquando
1277 2606 1413 2694 repressit

304 2734 486 2820 Aristippus:

622 2825 675 2884 καὶ
696 2816 758 2904 yolp
782 2820 817 2886 ἒν
838 2819 1055 2902 βακχεύμασιν
1076 2917 1078 2922 Ι

306 2943 324 3012 ὁ
346 2947 422 3020 νοῦς
444 2943 462 3010 ὁ
485 2943 623 3031 σώφρων
646 2938 686 3009 oti
701 2941 994 3032 .διαφθαρη’σεται.«
1020 2945 1094 3010 Mihi
1114 2943 1244 3032 profecto
1267 2946 1338 3010 satis
1359 2954 1412 3019 est,

306 3073 386 3161 quod
408 3095 468 3136 non
489 3074 544 3135 nisi
567 3070 604 3140 ad
625 3073 762 3157 pietatem
785 3093 817 3135 ac
839 3074 976 3136 virtutem
1003 3069 1202 3137 stabiliendam
1224 3072 1254 3132 in
1275 3069 1331 3134 hac
1354 3068 1412 3132 dis-

305 3201 456 3284 putatione
478 3209 609 3261 versatus
638 3219 717 3261 sum:
745 3217 813 3262 nam
840 3210 874 3262 ut
896 3200 936 3260 ait
957 3196 994 3260 D.
1018 3196 1127 3260 Paulus
1150 3191 1211 3277 (od
1234 3189 1413 3275 Tu.1‚15):

309 3318 417 3389 πάνια
440 3317 574 3408 καθαροὶ
597 3331 664 3397 τοῖς
685 3324 863 3406 καθαροῖς·
878 3330 943 3398 τοῖς
958 3319 995 3385 δὲ
1016 3323 1245 3404 μεμιαμμένοις
1266 3323 1320 3382 καὶ
1338 3314 1414 3382 ἀπί-

292 3458 390 3526 'moer
413 3440 510 3518 0ὖάον
533 3445 694 3531 καθαρόν,
718 3441 803 3512 ἀλλὰ
824 3446 995 3532 μεμίανται
1018 3438 1127 3511 αὐτῶν
1147 3448 1201 3508 ecel
1222 3437 1240 3508 ὃ
1265 3443 1339 3518 νοῦς
1361 3446 1414 3507 καὶ

305 3570 324 3656 ἢ
348 3567 563 3658 συνείδησιςι).

395 3696 431 3762 Si
454 3701 543 3784 igitur
571 3719 641 3761 sana
668 3710 697 3762 et
720 3708 799 3760 certa
826 3708 870 3782 est
895 3695 967 3760 haec
995 3698 1138 3760 enarratio
1161 3708 1248 3783 atque
1275 3697 1413 3781 exegesis,

307 3823 420 3911 eoquod
446 3823 620 3888 luculentius
641 3820 795 3888 Jasharani
822 3820 887 3886 libri
913 3823 1093 3907 prooemium
1116 3823 1274 3906 excogitari
1300 3823 1413 3906 potuis-

307 3961 360 4026 set,
385 3951 443 4012 sive
466 3947 505 4011 ad
527 3969 707 4012 communem
730 3949 858 4010 omnium
880 3945 1029 4012 homiuum
1052 3946 1176 4031 eulpam,
1200 3948 1260 4010 sive
1282 3945 1320 4009 ad
1344 3967 1413 4030 pro·

306 4077 371 4160 pria
399 4073 594 4139 Israelitarum
621 4072 725 4136 delicta
752 4069 936 4158 spectamus?
983 4070 1058 4136 Nam
1087 4069 1167 4158 quod
1199 4069 1237 4142 ad
1264 4081 1413 4156 peccatum

307 4202 425 4286 originis
458 4201 573 4274 attinet,
605 4197 756 4262 confirmat
783 4194 902 4262 Solomo
930 4196 1080 4262 hominum
1113 4199 1143 4258 in
1175 4217 1279 4280 genere
1307 4159 1414 4260 lactum

308 4346 370 4388 esse
393 4325 542 4410 probrum,
571 4323 623 4388 sed
655 4345 710 4388 suo
742 4325 834 4410 ipsius
868 4325 1000 4410 appetitu
1032 4322 1146 4407 lapsum
1179 4341 1256 4398 esse3
1290 4341 1413 4408 quocum

379 4523 401 4590 ¹)
420 4525 539 4578 Auctorca
558 4525 601 4594 qui
624 4541 702 4578 meam
724 4526 841 4579 rationem
865 4529 1068 4594 praeoccuparunt
1088 4522 1172 4576 citatos
1194 4522 1298 4576 invenies
1320 4522 1345 4575 in
1362 4520 1413 4573 Ex·

308 4637 381 4673 cursu
393 4617 422 4674 11.
435 4621 464 4674 ad
483 4620 554 4676 linem
572 4619 632 4677 bbri.
