<?xml version="1.0" encoding="UTF-8"?>
<!DOCTYPE html PUBLIC "-//W3C//DTD XHTML 1.0 Transitional//EN"
    "http://www.w3.org/TR/xhtml1/DTD/xhtml1-transitional.dtd">
<html xmlns="http://www.w3.org/1999/xhtml" xml:lang="en" lang="en">
 <head>
  <title>
</title>
<meta http-equiv="Content-Type" content="text/html;charset=utf-8" />
  <meta name='ocr-system' content='tesseract 3.04.00' />
  <meta name='ocr-capabilities' content='ocr_page ocr_carea ocr_par ocr_line ocrx_word'/>
</head>
<body>
  <div class='ocr_page' id='page_1' title='image "./jasharfragmenta00donagoog_0244.png"; bbox 0 0 3160 5170; ppageno 0'>
   <div class='ocr_carea' id='block_1_1' title="bbox 600 343 817 455">
    <p class='ocr_par' dir='ltr' id='par_1_1' title="bbox 600 343 817 455">
     <span class='ocr_line' id='line_1_1' title="bbox 600 343 817 455; baseline 0 -40"><span class='ocrx_word' id='word_1_1' title='bbox 600 343 817 455; x_wconf 45' lang='lat' dir='ltr'>*cor——</span> 
     </span>
    </p>
   </div>
   <div class='ocr_carea' id='block_1_2' title="bbox 145 549 1268 1263">
    <p class='ocr_par' dir='ltr' id='par_1_2' title="bbox 145 549 1268 1263">
     <span class='ocr_line' id='line_1_2' title="bbox 145 549 1268 639; baseline 0.004 -25"><span class='ocrx_word' id='word_1_2' title='bbox 145 563 245 628; x_wconf 89' lang='lat' dir='ltr'>erant,</span> <span class='ocrx_word' id='word_1_3' title='bbox 278 549 418 638; x_wconf 85' lang='lat' dir='ltr'><strong>quamdiu</strong></span> <span class='ocrx_word' id='word_1_4' title='bbox 446 563 593 616; x_wconf 86' lang='lat' dir='ltr'>restarent</span> <span class='ocrx_word' id='word_1_5' title='bbox 620 565 737 616; x_wconf 87' lang='lat' dir='ltr'>montes</span> <span class='ocrx_word' id='word_1_6' title='bbox 766 553 808 616; x_wconf 93' lang='lat' dir='ltr'>illi</span> <span class='ocrx_word' id='word_1_7' title='bbox 839 556 890 638; x_wconf 93' lang='lat' dir='ltr'>qui</span> <span class='ocrx_word' id='word_1_8' title='bbox 919 555 950 616; x_wconf 93' lang='lat' dir='ltr'>in</span> <span class='ocrx_word' id='word_1_9' title='bbox 971 551 1125 639; x_wconf 86' lang='lat' dir='ltr'>Ephraimi</span> <span class='ocrx_word' id='word_1_10' title='bbox 1152 565 1183 618; x_wconf 89' lang='lat' dir='ltr'>et</span> <span class='ocrx_word' id='word_1_11' title='bbox 1202 553 1268 618; x_wconf 86' lang='lat' dir='ltr'>Ma-</span> 
     </span>
     <span class='ocr_line' id='line_1_3' title="bbox 146 675 1268 769; baseline 0.004 -29"><span class='ocrx_word' id='word_1_12' title='bbox 146 695 252 740; x_wconf 84' lang='lat' dir='ltr'>nassae</span> <span class='ocrx_word' id='word_1_13' title='bbox 276 675 385 740; x_wconf 89' lang='lat' dir='ltr'>finibus</span> <span class='ocrx_word' id='word_1_14' title='bbox 409 680 604 742; x_wconf 74' lang='lat' dir='ltr'>eminuerunt.</span> <span class='ocrx_word' id='word_1_15' title='bbox 651 675 838 740; x_wconf 83' lang='lat' dir='ltr'>Vocabulum</span> <span class='ocrx_word' id='word_1_16' title='bbox 863 681 948 769; x_wconf 54' lang='lat' dir='ltr'>·tltj,</span> <span class='ocrx_word' id='word_1_17' title='bbox 973 689 1008 742; x_wconf 90' lang='lat' dir='ltr'>ut</span> <span class='ocrx_word' id='word_1_18' title='bbox 1029 677 1121 754; x_wconf 85' lang='lat' dir='ltr'>vides,</span> <span class='ocrx_word' id='word_1_19' title='bbox 1144 681 1268 764; x_wconf 87' lang='lat' dir='ltr'>propria</span> 
     </span>
     <span class='ocr_line' id='line_1_4' title="bbox 147 771 1267 889; baseline 0.004 -26"><span class='ocrx_word' id='word_1_20' title='bbox 147 798 230 864; x_wconf 88' lang='lat' dir='ltr'>verbi</span> <span class='ocrx_word' id='word_1_21' title='bbox 255 801 468 887; x_wconf 89' lang='lat' dir='ltr'>significatione</span> <span class='ocrx_word' id='word_1_22' title='bbox 497 804 604 888; x_wconf 87' lang='lat' dir='ltr'>accepi.</span> <span class='ocrx_word' id='word_1_23' title='bbox 650 799 725 866; x_wconf 88' lang='lat' dir='ltr'>Nam</span> <span class='ocrx_word' id='word_1_24' title='bbox 750 815 785 866; x_wconf 90' lang='lat' dir='ltr'>ut</span> <span class='ocrx_word' id='word_1_25' title='bbox 806 771 977 866; x_wconf 65' lang='lat' dir='ltr'>taceam&#39;de</span> <span class='ocrx_word' id='word_1_26' title='bbox 999 803 1196 889; x_wconf 92' lang='lat' dir='ltr'>pulcherrima</span> <span class='ocrx_word' id='word_1_27' title='bbox 1217 803 1267 868; x_wconf 91' lang='lat' dir='ltr'>illa</span> 
     </span>
     <span class='ocr_line' id='line_1_5' title="bbox 147 924 1267 1014; baseline 0.004 -26"><span class='ocrx_word' id='word_1_28' title='bbox 147 924 272 1010; x_wconf 78' lang='lat' dir='ltr'>losephi</span> <span class='ocrx_word' id='word_1_29' title='bbox 295 925 434 1002; x_wconf 89' lang='lat' dir='ltr'>historia,</span> <span class='ocrx_word' id='word_1_30' title='bbox 471 947 546 1013; x_wconf 91' lang='lat' dir='ltr'>quae</span> <span class='ocrx_word' id='word_1_31' title='bbox 575 939 753 1012; x_wconf 81' lang='lat' dir='ltr'>postremam</span> <span class='ocrx_word' id='word_1_32' title='bbox 784 925 933 992; x_wconf 89' lang='lat' dir='ltr'>Geneseos</span> <span class='ocrx_word' id='word_1_33' title='bbox 967 940 1082 1014; x_wconf 88' lang='lat' dir='ltr'>partem</span> <span class='ocrx_word' id='word_1_34' title='bbox 1110 927 1267 992; x_wconf 78' lang='lat' dir='ltr'>dramatico</span> 
     </span>
     <span class='ocr_line' id='line_1_6' title="bbox 148 1049 1266 1138; baseline 0.004 -24"><span class='ocrx_word' id='word_1_35' title='bbox 148 1049 276 1136; x_wconf 88' lang='lat' dir='ltr'>quadam</span> <span class='ocrx_word' id='word_1_36' title='bbox 299 1053 414 1114; x_wconf 90' lang='lat' dir='ltr'>actione</span> <span class='ocrx_word' id='word_1_37' title='bbox 432 1051 570 1128; x_wconf 83' lang='lat' dir='ltr'>vivificat,</span> <span class='ocrx_word' id='word_1_38' title='bbox 595 1055 666 1116; x_wconf 90' lang='lat' dir='ltr'>satis</span> <span class='ocrx_word' id='word_1_39' title='bbox 685 1063 768 1138; x_wconf 87' lang='lat' dir='ltr'>patet</span> <span class='ocrx_word' id='word_1_40' title='bbox 781 1050 981 1138; x_wconf 87' lang='lat' dir='ltr'>Ephraimitas</span> <span class='ocrx_word' id='word_1_41' title='bbox 998 1055 1120 1117; x_wconf 78' lang='lat' dir='ltr'>seorsim</span> <span class='ocrx_word' id='word_1_42' title='bbox 1136 1056 1167 1116; x_wconf 87' lang='lat' dir='ltr'>iu</span> <span class='ocrx_word' id='word_1_43' title='bbox 1188 1066 1266 1118; x_wconf 90' lang='lat' dir='ltr'>terra</span> 
     </span>
     <span class='ocr_line' id='line_1_7' title="bbox 147 1173 1265 1263; baseline 0.003 -25"><span class='ocrx_word' id='word_1_44' title='bbox 147 1173 296 1240; x_wconf 88' lang='lat' dir='ltr'>Goshenis</span> <span class='ocrx_word' id='word_1_45' title='bbox 325 1174 475 1240; x_wconf 78' lang='lat' dir='ltr'>habitasse</span> <span class='ocrx_word' id='word_1_46' title='bbox 498 1188 596 1263; x_wconf 87' lang='lat' dir='ltr'>atque</span> <span class='ocrx_word' id='word_1_47' title='bbox 633 1175 702 1240; x_wconf 90' lang='lat' dir='ltr'>inde</span> <span class='ocrx_word' id='word_1_48' title='bbox 733 1188 919 1262; x_wconf 79' lang='lat' dir='ltr'>erumpentes</span> <span class='ocrx_word' id='word_1_49' title='bbox 947 1176 1125 1242; x_wconf 90' lang='lat' dir='ltr'>Pbilistaeos</span> <span class='ocrx_word' id='word_1_50' title='bbox 1153 1180 1265 1262; x_wconf 88' lang='lat' dir='ltr'>rapinis</span> 
     </span>
    </p>
   </div>
   <div class='ocr_carea' id='block_1_3' title="bbox 145 1297 1265 1513">
    <p class='ocr_par' dir='ltr' id='par_1_3' title="bbox 145 1297 1265 1513">
     <span class='ocr_line' id='line_1_8' title="bbox 145 1297 1264 1388; baseline 0.002 -24"><span class='ocrx_word' id='word_1_51' title='bbox 145 1297 310 1364; x_wconf 82' lang='lat' dir='ltr'>infestasse.</span> <span class='ocrx_word' id='word_1_52' title='bbox 362 1301 407 1363; x_wconf 88' lang='lat' dir='ltr'>Ita</span> <span class='ocrx_word' id='word_1_53' title='bbox 434 1301 510 1364; x_wconf 91' lang='lat' dir='ltr'>enim</span> <span class='ocrx_word' id='word_1_54' title='bbox 541 1303 726 1386; x_wconf 85' lang='lat' dir='ltr'>interpretari</span> <span class='ocrx_word' id='word_1_55' title='bbox 754 1300 822 1366; x_wconf 88' lang='lat' dir='ltr'>licet</span> <span class='ocrx_word' id='word_1_56' title='bbox 850 1305 1070 1388; x_wconf 85' lang='lat' dir='ltr'>antiquissimae</span> <span class='ocrx_word' id='word_1_57' title='bbox 1098 1300 1264 1366; x_wconf 88' lang='lat' dir='ltr'>traditionis</span> 
     </span>
     <span class='ocr_line' id='line_1_9' title="bbox 148 1419 1265 1513; baseline 0.002 -25"><span class='ocrx_word' id='word_1_58' title='bbox 148 1427 271 1510; x_wconf 85' lang='lat' dir='ltr'>vestigia</span> <span class='ocrx_word' id='word_1_59' title='bbox 295 1419 326 1506; x_wconf 84' lang='lat' dir='ltr'>(l</span> <span class='ocrx_word' id='word_1_60' title='bbox 344 1424 473 1511; x_wconf 91' lang='lat' dir='ltr'>Paralip.</span> <span class='ocrx_word' id='word_1_61' title='bbox 490 1423 553 1501; x_wconf 93' lang='lat' dir='ltr'>Vll,</span> <span class='ocrx_word' id='word_1_62' title='bbox 571 1423 623 1490; x_wconf 88' lang='grc'>21.</span> <span class='ocrx_word' id='word_1_63' title='bbox 646 1425 777 1502; x_wconf 80' lang='lat' dir='ltr'>Eunoen,</span> <span class='ocrx_word' id='word_1_64' title='bbox 802 1425 962 1513; x_wconf 82' lang='lat' dir='ltr'>Aegypton</span> <span class='ocrx_word' id='word_1_65' title='bbox 981 1426 1003 1502; x_wconf 94' lang='lat' dir='ltr'>l,</span> <span class='ocrx_word' id='word_1_66' title='bbox 1028 1449 1058 1512; x_wconf 92' lang='lat' dir='ltr'>p.</span> <span class='ocrx_word' id='word_1_67' title='bbox 1075 1422 1163 1508; x_wconf 85' lang='lat'>220).</span> <span class='ocrx_word' id='word_1_68' title='bbox 1210 1425 1265 1492; x_wconf 89' lang='lat' dir='ltr'>Sin</span> 
     </span>
    </p>
   </div>
   <div class='ocr_carea' id='block_1_4' title="bbox 144 1533 1278 1642">
    <p class='ocr_par' dir='ltr' id='par_1_4' title="bbox 144 1533 1278 1642">
     <span class='ocr_line' id='line_1_10' title="bbox 144 1533 1278 1642; baseline 0.004 -30"><span class='ocrx_word' id='word_1_69' title='bbox 144 1551 241 1614; x_wconf 90' lang='lat' dir='ltr'>mavis</span> <span class='ocrx_word' id='word_1_70' title='bbox 258 1555 327 1642; x_wconf 67' lang='grc' dir='ltr'>Ἶᾞ</span> <span class='ocrx_word' id='word_1_71' title='bbox 352 1571 419 1612; x_wconf 89' lang='lat' dir='ltr'>cum</span> <span class='ocrx_word' id='word_1_72' title='bbox 439 1548 549 1613; x_wconf 91' lang='lat' dir='ltr'>Dathio</span> <span class='ocrx_word' id='word_1_73' title='bbox 574 1551 707 1634; x_wconf 79' lang='lat' dir='ltr'>optimas</span> <span class='ocrx_word' id='word_1_74' title='bbox 729 1550 775 1614; x_wconf 82' lang='lat' dir='ltr'>vel</span> <span class='ocrx_word' id='word_1_75' title='bbox 799 1571 865 1614; x_wconf 89' lang='lat' dir='ltr'>curn</span> <span class='ocrx_word' id='word_1_76' title='bbox 886 1549 1111 1616; x_wconf 87' lang='lat' dir='ltr'>Rosenmiillero</span> <span class='ocrx_word' id='word_1_77' title='bbox 1136 1533 1278 1616; x_wconf 64' lang='lat' dir='ltr'>animitas</span> 
     </span>
    </p>
   </div>
   <div class='ocr_carea' id='block_1_5' title="bbox 142 1673 1265 2886">
    <p class='ocr_par' dir='ltr' id='par_1_5' title="bbox 142 1673 1265 2886">
     <span class='ocr_line' id='line_1_11' title="bbox 144 1673 1265 1763; baseline 0.002 -25"><span class='ocrx_word' id='word_1_78' title='bbox 144 1673 276 1750; x_wconf 87' lang='lat' dir='ltr'>reddere,</span> <span class='ocrx_word' id='word_1_79' title='bbox 301 1674 436 1760; x_wconf 88' lang='lat' dir='ltr'>equidem</span> <span class='ocrx_word' id='word_1_80' title='bbox 459 1696 521 1740; x_wconf 89' lang='lat' dir='ltr'>oon</span> <span class='ocrx_word' id='word_1_81' title='bbox 544 1695 689 1761; x_wconf 89' lang='lat' dir='ltr'>repugno.</span> <span class='ocrx_word' id='word_1_82' title='bbox 727 1675 770 1738; x_wconf 91' lang='lat' dir='ltr'>lta</span> <span class='ocrx_word' id='word_1_83' title='bbox 793 1677 870 1740; x_wconf 87' lang='lat' dir='ltr'>enim</span> <span class='ocrx_word' id='word_1_84' title='bbox 894 1673 1088 1742; x_wconf 88' lang='lat' dir='ltr'>adulatoriam</span> <span class='ocrx_word' id='word_1_85' title='bbox 1111 1675 1187 1740; x_wconf 88' lang='lat' dir='ltr'>banc</span> <span class='ocrx_word' id='word_1_86' title='bbox 1208 1699 1265 1763; x_wconf 93' lang='lat' dir='ltr'>po-</span> 
     </span>
     <span class='ocr_line' id='line_1_12' title="bbox 144 1783 1263 1884; baseline 0.003 -23"><span class='ocrx_word' id='word_1_87' title='bbox 144 1801 325 1862; x_wconf 85' lang='lat' dir='ltr'>tentissimae</span> <span class='ocrx_word' id='word_1_88' title='bbox 353 1799 450 1864; x_wconf 91' lang='lat' dir='ltr'>tribus</span> <span class='ocrx_word' id='word_1_89' title='bbox 477 1799 683 1864; x_wconf 85' lang='lat' dir='ltr'>allocutionem</span> <span class='ocrx_word' id='word_1_90' title='bbox 707 1798 789 1862; x_wconf 89' lang='lat' dir='ltr'>haud</span> <span class='ocrx_word' id='word_1_91' title='bbox 812 1797 939 1864; x_wconf 92' lang='lat' dir='ltr'>absurde</span> <span class='ocrx_word' id='word_1_92' title='bbox 962 1783 1135 1865; x_wconf 79' lang='lat' dir='ltr'>absolveris.</span> <span class='ocrx_word' id='word_1_93' title='bbox 1182 1799 1263 1884; x_wconf 80' lang='lat' dir='ltr'>Quae</span> 
     </span>
     <span class='ocr_line' id='line_1_13' title="bbox 146 1921 1262 2010; baseline 0.003 -25"><span class='ocrx_word' id='word_1_94' title='bbox 146 1921 183 1986; x_wconf 89' lang='lat' dir='ltr'>de</span> <span class='ocrx_word' id='word_1_95' title='bbox 205 1921 407 2007; x_wconf 89' lang='lat' dir='ltr'>Benjaminitis</span> <span class='ocrx_word' id='word_1_96' title='bbox 431 1922 579 2001; x_wconf 86' lang='lat' dir='ltr'>dicuntur,</span> <span class='ocrx_word' id='word_1_97' title='bbox 603 1936 720 2010; x_wconf 84' lang='lat' dir='ltr'>gentem</span> <span class='ocrx_word' id='word_1_98' title='bbox 742 1923 910 2010; x_wconf 89' lang='lat' dir='ltr'>significant</span> <span class='ocrx_word' id='word_1_99' title='bbox 923 1926 1042 1990; x_wconf 89' lang='lat' dir='ltr'>militiae</span> <span class='ocrx_word' id='word_1_100' title='bbox 1066 1939 1095 1990; x_wconf 92' lang='lat' dir='ltr'>et</span> <span class='ocrx_word' id='word_1_101' title='bbox 1108 1925 1262 1990; x_wconf 91' lang='lat' dir='ltr'>latrocinio</span> 
     </span>
     <span class='ocr_line' id='line_1_14' title="bbox 143 2047 1262 2135; baseline 0.004 -25"><span class='ocrx_word' id='word_1_102' title='bbox 143 2050 263 2133; x_wconf 89' lang='lat' dir='ltr'>penitus</span> <span class='ocrx_word' id='word_1_103' title='bbox 287 2047 424 2112; x_wconf 89' lang='lat' dir='ltr'>deditam.</span> <span class='ocrx_word' id='word_1_104' title='bbox 458 2049 498 2114; x_wconf 85' lang='lat' dir='ltr'>Et</span> <span class='ocrx_word' id='word_1_105' title='bbox 515 2049 669 2113; x_wconf 90' lang='lat' dir='ltr'>militarem</span> <span class='ocrx_word' id='word_1_106' title='bbox 683 2048 945 2135; x_wconf 88' lang='lat' dir='ltr'>Benjaminitarum</span> <span class='ocrx_word' id='word_1_107' title='bbox 970 2051 1168 2116; x_wconf 86' lang='lat' dir='ltr'>excellentiam</span> <span class='ocrx_word' id='word_1_108' title='bbox 1191 2053 1262 2114; x_wconf 91' lang='lat' dir='ltr'>satis</span> 
     </span>
     <span class='ocr_line' id='line_1_15' title="bbox 144 2171 1262 2262; baseline 0.002 -26"><span class='ocrx_word' id='word_1_109' title='bbox 144 2171 367 2259; x_wconf 85' lang='lat' dir='ltr'>comprobatam</span> <span class='ocrx_word' id='word_1_110' title='bbox 390 2172 533 2238; x_wconf 87' lang='lat' dir='ltr'>babemus</span> <span class='ocrx_word' id='word_1_111' title='bbox 555 2177 587 2238; x_wconf 93' lang='lat' dir='ltr'>in</span> <span class='ocrx_word' id='word_1_112' title='bbox 609 2174 659 2238; x_wconf 93' lang='lat' dir='ltr'>illa</span> <span class='ocrx_word' id='word_1_113' title='bbox 682 2174 808 2239; x_wconf 91' lang='lat' dir='ltr'>historia</span> <span class='ocrx_word' id='word_1_114' title='bbox 831 2195 889 2261; x_wconf 92' lang='lat' dir='ltr'>qua</span> <span class='ocrx_word' id='word_1_115' title='bbox 911 2189 983 2262; x_wconf 90' lang='lat' dir='ltr'>post</span> <span class='ocrx_word' id='word_1_116' title='bbox 1000 2176 1107 2240; x_wconf 88' lang='lat' dir='ltr'>multas</span> <span class='ocrx_word' id='word_1_117' title='bbox 1124 2178 1262 2240; x_wconf 85' lang='lat' dir='ltr'>victorias</span> 
     </span>
     <span class='ocr_line' id='line_1_16' title="bbox 143 2295 1261 2382; baseline 0 -20"><span class='ocrx_word' id='word_1_118' title='bbox 143 2296 241 2362; x_wconf 90' lang='lat' dir='ltr'>tribus</span> <span class='ocrx_word' id='word_1_119' title='bbox 270 2298 342 2362; x_wconf 87' lang='lat' dir='ltr'>baec</span> <span class='ocrx_word' id='word_1_120' title='bbox 369 2296 429 2363; x_wconf 87' lang='lat' dir='ltr'>iere</span> <span class='ocrx_word' id='word_1_121' title='bbox 458 2322 475 2362; x_wconf 95' lang='lat' dir='ltr'>a</span> <span class='ocrx_word' id='word_1_122' title='bbox 504 2302 606 2364; x_wconf 89' lang='lat' dir='ltr'>ceteris</span> <span class='ocrx_word' id='word_1_123' title='bbox 634 2298 773 2364; x_wconf 87' lang='lat' dir='ltr'>Israelitis</span> <span class='ocrx_word' id='word_1_124' title='bbox 809 2299 903 2363; x_wconf 90' lang='lat' dir='ltr'>deleta</span> <span class='ocrx_word' id='word_1_125' title='bbox 937 2313 982 2363; x_wconf 90' lang='lat' dir='ltr'>est</span> <span class='ocrx_word' id='word_1_126' title='bbox 1016 2299 1103 2380; x_wconf 85' lang='lat' dir='ltr'>(lud.</span> <span class='ocrx_word' id='word_1_127' title='bbox 1128 2321 1151 2362; x_wconf 90' lang='lat' dir='ltr'>c.</span> <span class='ocrx_word' id='word_1_128' title='bbox 1171 2295 1261 2382; x_wconf 83' lang='lat' dir='ltr'>XX).</span> 
     </span>
     <span class='ocr_line' id='line_1_17' title="bbox 143 2421 1260 2511; baseline 0.002 -25"><span class='ocrx_word' id='word_1_129' title='bbox 143 2421 268 2488; x_wconf 87' lang='lat' dir='ltr'>Davidis</span> <span class='ocrx_word' id='word_1_130' title='bbox 292 2436 389 2488; x_wconf 91' lang='lat' dir='ltr'>autem</span> <span class='ocrx_word' id='word_1_131' title='bbox 411 2422 596 2511; x_wconf 90' lang='lat' dir='ltr'>temporibus</span> <span class='ocrx_word' id='word_1_132' title='bbox 620 2424 692 2488; x_wconf 89' lang='lat' dir='ltr'>hacc</span> <span class='ocrx_word' id='word_1_133' title='bbox 712 2422 819 2499; x_wconf 86' lang='lat' dir='ltr'>tribus,</span> <span class='ocrx_word' id='word_1_134' title='bbox 844 2445 919 2511; x_wconf 89' lang='lat' dir='ltr'>quae</span> <span class='ocrx_word' id='word_1_135' title='bbox 934 2445 1031 2510; x_wconf 91' lang='lat' dir='ltr'>regem</span> <span class='ocrx_word' id='word_1_136' title='bbox 1046 2427 1138 2487; x_wconf 89' lang='lat' dir='ltr'>totius</span> <span class='ocrx_word' id='word_1_137' title='bbox 1155 2427 1260 2510; x_wconf 89' lang='lat' dir='ltr'>gentis,</span> 
     </span>
     <span class='ocr_line' id='line_1_18' title="bbox 144 2545 1262 2637; baseline -0.001 -25"><span class='ocrx_word' id='word_1_138' title='bbox 144 2545 278 2626; x_wconf 89' lang='lat' dir='ltr'>Saulum,</span> <span class='ocrx_word' id='word_1_139' title='bbox 302 2548 453 2637; x_wconf 90' lang='lat' dir='ltr'>filiumque</span> <span class='ocrx_word' id='word_1_140' title='bbox 475 2550 538 2634; x_wconf 87' lang='lat' dir='ltr'>ejus</span> <span class='ocrx_word' id='word_1_141' title='bbox 553 2548 760 2626; x_wconf 73' lang='lat' dir='ltr'>locationem,</span> <span class='ocrx_word' id='word_1_142' title='bbox 785 2547 888 2613; x_wconf 89' lang='lat' dir='ltr'>ambos</span> <span class='ocrx_word' id='word_1_143' title='bbox 910 2551 1019 2634; x_wconf 84' lang='lat' dir='ltr'>insigni</span> <span class='ocrx_word' id='word_1_144' title='bbox 1042 2547 1173 2610; x_wconf 88' lang='lat' dir='ltr'>militaris</span> <span class='ocrx_word' id='word_1_145' title='bbox 1196 2548 1262 2634; x_wconf 91' lang='lat' dir='ltr'>glo·</span> 
     </span>
     <span class='ocr_line' id='line_1_19' title="bbox 142 2672 1262 2763; baseline -0.004 -25"><span class='ocrx_word' id='word_1_146' title='bbox 142 2677 203 2738; x_wconf 89' lang='lat' dir='ltr'>riae</span> <span class='ocrx_word' id='word_1_147' title='bbox 226 2673 313 2738; x_wconf 87' lang='lat' dir='ltr'>lauda</span> <span class='ocrx_word' id='word_1_148' title='bbox 328 2674 477 2752; x_wconf 79' lang='lat' dir='ltr'>florentes,</span> <span class='ocrx_word' id='word_1_149' title='bbox 503 2674 752 2763; x_wconf 79' lang='lat' dir='ltr'>suppeditaverat,</span> <span class='ocrx_word' id='word_1_150' title='bbox 777 2673 884 2738; x_wconf 90' lang='lat' dir='ltr'>Davidi</span> <span class='ocrx_word' id='word_1_151' title='bbox 900 2675 957 2760; x_wconf 90' lang='lat' dir='ltr'>ipsi</span> <span class='ocrx_word' id='word_1_152' title='bbox 976 2672 1153 2737; x_wconf 79' lang='lat' dir='ltr'>fortissimos</span> <span class='ocrx_word' id='word_1_153' title='bbox 1169 2675 1262 2758; x_wconf 90' lang='lat' dir='ltr'>stipa-</span> 
     </span>
     <span class='ocr_line' id='line_1_20' title="bbox 144 2792 1260 2886; baseline -0.001 -25"><span class='ocrx_word' id='word_1_154' title='bbox 144 2811 225 2862; x_wconf 90' lang='lat' dir='ltr'>tores</span> <span class='ocrx_word' id='word_1_155' title='bbox 253 2803 346 2877; x_wconf 90' lang='lat' dir='ltr'>misit,</span> <span class='ocrx_word' id='word_1_156' title='bbox 376 2801 428 2886; x_wconf 91' lang='lat' dir='ltr'>qui</span> <span class='ocrx_word' id='word_1_157' title='bbox 458 2821 524 2864; x_wconf 92' lang='lat' dir='ltr'>curn</span> <span class='ocrx_word' id='word_1_158' title='bbox 549 2798 663 2866; x_wconf 88' lang='lat' dir='ltr'>Gaditis</span> <span class='ocrx_word' id='word_1_159' title='bbox 692 2802 756 2866; x_wconf 89' lang='lat' dir='ltr'>istis</span> <span class='ocrx_word' id='word_1_160' title='bbox 786 2810 1052 2864; x_wconf 85' lang='lat' dir='ltr'>commemorantur</span> <span class='ocrx_word' id='word_1_161' title='bbox 1081 2792 1260 2886; x_wconf 93' lang='lat' dir='ltr'>(1Paralip.</span> 
     </span>
    </p>
   </div>
   <div class='ocr_carea' id='block_1_6' title="bbox 141 2919 381 3012">
    <p class='ocr_par' dir='ltr' id='par_1_6' title="bbox 141 2919 381 3012">
     <span class='ocr_line' id='line_1_21' title="bbox 141 2919 381 3012; baseline 0.025 -10"><span class='ocrx_word' id='word_1_162' title='bbox 141 2921 206 3002; x_wconf 77' lang='grc' dir='ltr'>ΧΠ,</span> <span class='ocrx_word' id='word_1_163' title='bbox 226 2920 241 2990; x_wconf 79' lang='lat'><strong>1</strong></span> <span class='ocrx_word' id='word_1_164' title='bbox 260 2919 351 3012; x_wconf 77' lang='lat' dir='ltr'>saa)-</span> <span class='ocrx_word' id='word_1_165' title='bbox 379 2963 381 2965; x_wconf 95' lang='lat'>·</span> 
     </span>
    </p>
   </div>
   <div class='ocr_carea' id='block_1_7' title="bbox 598 3083 809 3094">
    <p class='ocr_par' dir='ltr' id='par_1_7' title="bbox 598 3083 809 3094">
     <span class='ocr_line' id='line_1_22' title="bbox 598 3083 809 3094; baseline 0 -2"><span class='ocrx_word' id='word_1_166' title='bbox 598 3083 809 3094; x_wconf 43' lang='grc' dir='ltr'>κακῇ-</span> 
     </span>
    </p>
   </div>
   <div class='ocr_carea' id='block_1_8' title="bbox 467 3285 933 3356">
    <p class='ocr_par' dir='ltr' id='par_1_8' title="bbox 467 3285 933 3356">
     <span class='ocr_line' id='line_1_23' title="bbox 467 3285 933 3356; baseline -0.009 -2"><span class='ocrx_word' id='word_1_167' title='bbox 467 3285 507 3354; x_wconf 87' lang='grc' dir='ltr'>ΙΝ</span> <span class='ocrx_word' id='word_1_168' title='bbox 528 3287 692 3356; x_wconf 71' lang='lat' dir='ltr'>Butam</span> <span class='ocrx_word' id='word_1_169' title='bbox 715 3285 933 3356; x_wconf 82' lang='lat' dir='ltr'>CANTICUM.</span> 
     </span>
    </p>
   </div>
   <div class='ocr_carea' id='block_1_9' title="bbox 649 3439 755 3448">
    <p class='ocr_par' dir='ltr' id='par_1_9' title="bbox 649 3439 755 3448">
     <span class='ocr_line' id='line_1_24' title="bbox 649 3439 755 3448; baseline 0 -2"><span class='ocrx_word' id='word_1_170' title='bbox 649 3439 755 3448; x_wconf 70' lang='lat'>..-</span> 
     </span>
    </p>
   </div>
   <div class='ocr_carea' id='block_1_10' title="bbox 139 3543 1260 4498">
    <p class='ocr_par' dir='ltr' id='par_1_10' title="bbox 139 3543 1260 4498">
     <span class='ocr_line' id='line_1_25' title="bbox 232 3543 1259 3624; baseline -0.002 -12"><span class='ocrx_word' id='word_1_171' title='bbox 232 3546 302 3612; x_wconf 85' lang='lat' dir='ltr'>Fuit</span> <span class='ocrx_word' id='word_1_172' title='bbox 324 3549 401 3610; x_wconf 89' lang='lat' dir='ltr'>inter</span> <span class='ocrx_word' id='word_1_173' title='bbox 414 3544 545 3612; x_wconf 79' lang='lat' dir='ltr'>ludaeos</span> <span class='ocrx_word' id='word_1_174' title='bbox 567 3561 661 3624; x_wconf 84' lang='lat' dir='ltr'>vetus,</span> <span class='ocrx_word' id='word_1_175' title='bbox 686 3558 721 3609; x_wconf 91' lang='lat' dir='ltr'>ut</span> <span class='ocrx_word' id='word_1_176' title='bbox 743 3545 870 3622; x_wconf 87' lang='lat' dir='ltr'>videtur,</span> <span class='ocrx_word' id='word_1_177' title='bbox 894 3543 1015 3610; x_wconf 87' lang='lat' dir='ltr'>traditio</span> <span class='ocrx_word' id='word_1_178' title='bbox 1039 3547 1149 3609; x_wconf 89' lang='lat' dir='ltr'>vixisse</span> <span class='ocrx_word' id='word_1_179' title='bbox 1164 3545 1259 3610; x_wconf 93' lang='lat' dir='ltr'>Mosis</span> 
     </span>
     <span class='ocr_line' id='line_1_26' title="bbox 141 3669 1260 3758; baseline -0.003 -22"><span class='ocrx_word' id='word_1_180' title='bbox 141 3669 326 3757; x_wconf 86' lang='lat' dir='ltr'>temporibus</span> <span class='ocrx_word' id='word_1_181' title='bbox 349 3673 380 3736; x_wconf 95' lang='lat' dir='ltr'>in</span> <span class='ocrx_word' id='word_1_182' title='bbox 404 3675 541 3737; x_wconf 88' lang='lat' dir='ltr'>extremis</span> <span class='ocrx_word' id='word_1_183' title='bbox 566 3674 687 3736; x_wconf 89' lang='lat' dir='ltr'>orientis</span> <span class='ocrx_word' id='word_1_184' title='bbox 711 3693 780 3736; x_wconf 89' lang='lat' dir='ltr'>orae</span> <span class='ocrx_word' id='word_1_185' title='bbox 802 3669 975 3758; x_wconf 87' lang='lat' dir='ltr'>regionibus</span> <span class='ocrx_word' id='word_1_186' title='bbox 990 3669 1151 3734; x_wconf 79' lang='lat' dir='ltr'>Eileamum</span> <span class='ocrx_word' id='word_1_187' title='bbox 1167 3693 1260 3758; x_wconf 92' lang='lat' dir='ltr'>quen-</span> 
     </span>
     <span class='ocr_line' id='line_1_27' title="bbox 142 3794 1258 3884; baseline 0.002 -26"><span class='ocrx_word' id='word_1_188' title='bbox 142 3794 209 3858; x_wconf 93' lang='lat' dir='ltr'>dam</span> <span class='ocrx_word' id='word_1_189' title='bbox 231 3809 355 3884; x_wconf 89' lang='lat' dir='ltr'>propter</span> <span class='ocrx_word' id='word_1_190' title='bbox 378 3809 455 3861; x_wconf 89' lang='lat' dir='ltr'>artes</span> <span class='ocrx_word' id='word_1_191' title='bbox 478 3799 605 3884; x_wconf 87' lang='lat' dir='ltr'>magicas</span> <span class='ocrx_word' id='word_1_192' title='bbox 634 3797 762 3883; x_wconf 87' lang='lat' dir='ltr'>maligna</span> <span class='ocrx_word' id='word_1_193' title='bbox 788 3795 1000 3860; x_wconf 87' lang='lat' dir='ltr'>maledictionis</span> <span class='ocrx_word' id='word_1_194' title='bbox 1025 3799 1053 3860; x_wconf 88' lang='lat' dir='ltr'>vi</span> <span class='ocrx_word' id='word_1_195' title='bbox 1076 3795 1258 3882; x_wconf 86' lang='lat' dir='ltr'>praeditum3</span> 
     </span>
     <span class='ocr_line' id='line_1_28' title="bbox 142 3914 1258 4010; baseline 0 -26"><span class='ocrx_word' id='word_1_196' title='bbox 142 3943 230 4008; x_wconf 88' lang='lat' dir='ltr'>quem</span> <span class='ocrx_word' id='word_1_197' title='bbox 252 3943 345 4010; x_wconf 92' lang='lat' dir='ltr'>quum</span> <span class='ocrx_word' id='word_1_198' title='bbox 359 3921 520 4010; x_wconf 81' lang='lat' dir='ltr'>Ralaquus,</span> <span class='ocrx_word' id='word_1_199' title='bbox 543 3921 744 3988; x_wconf 89' lang='lat' dir='ltr'>Moabitarum</span> <span class='ocrx_word' id='word_1_200' title='bbox 767 3943 831 4000; x_wconf 86' lang='lat' dir='ltr'>rex,</span> <span class='ocrx_word' id='word_1_201' title='bbox 856 3943 891 3986; x_wconf 89' lang='lat' dir='ltr'>eo</span> <span class='ocrx_word' id='word_1_202' title='bbox 911 3922 1034 3987; x_wconf 91' lang='lat' dir='ltr'>consilio</span> <span class='ocrx_word' id='word_1_203' title='bbox 1050 3914 1258 3996; x_wconf 81' lang='lat' dir='ltr'>arcessivisset,</span> 
     </span>
     <span class='ocr_line' id='line_1_29' title="bbox 139 4044 1257 4135; baseline -0.002 -25"><span class='ocrx_word' id='word_1_204' title='bbox 139 4059 175 4110; x_wconf 90' lang='lat' dir='ltr'>ut</span> <span class='ocrx_word' id='word_1_205' title='bbox 196 4046 342 4111; x_wconf 87' lang='lat' dir='ltr'>Israelitas</span> <span class='ocrx_word' id='word_1_206' title='bbox 365 4070 420 4135; x_wconf 90' lang='lat' dir='ltr'>per</span> <span class='ocrx_word' id='word_1_207' title='bbox 443 4069 515 4112; x_wconf 91' lang='lat' dir='ltr'>suos</span> <span class='ocrx_word' id='word_1_208' title='bbox 538 4047 610 4111; x_wconf 86' lang='lat' dir='ltr'>fines</span> <span class='ocrx_word' id='word_1_209' title='bbox 634 4050 690 4113; x_wconf 90' lang='lat' dir='ltr'>iter</span> <span class='ocrx_word' id='word_1_210' title='bbox 712 4045 850 4112; x_wconf 85' lang='lat' dir='ltr'>iacientes</span> <span class='ocrx_word' id='word_1_211' title='bbox 876 4046 946 4112; x_wconf 91' lang='lat' dir='ltr'>diris</span> <span class='ocrx_word' id='word_1_212' title='bbox 965 4046 1131 4122; x_wconf 87' lang='lat' dir='ltr'>devoveret,</span> <span class='ocrx_word' id='word_1_213' title='bbox 1157 4044 1257 4109; x_wconf 89' lang='lat' dir='ltr'>divino</span> 
     </span>
     <span class='ocr_line' id='line_1_30' title="bbox 139 4167 1259 4261; baseline -0.002 -27"><span class='ocrx_word' id='word_1_214' title='bbox 139 4171 222 4235; x_wconf 92' lang='lat' dir='ltr'>illum</span> <span class='ocrx_word' id='word_1_215' title='bbox 252 4171 355 4236; x_wconf 86' lang='lat' dir='ltr'>alilatu</span> <span class='ocrx_word' id='word_1_216' title='bbox 382 4171 536 4261; x_wconf 91' lang='lat' dir='ltr'>abreptum</span> <span class='ocrx_word' id='word_1_217' title='bbox 564 4171 644 4237; x_wconf 92' lang='lat' dir='ltr'>bona</span> <span class='ocrx_word' id='word_1_218' title='bbox 673 4194 706 4236; x_wconf 93' lang='lat' dir='ltr'>ac</span> <span class='ocrx_word' id='word_1_219' title='bbox 734 4171 831 4236; x_wconf 88' lang='lat' dir='ltr'>sausta</span> <span class='ocrx_word' id='word_1_220' title='bbox 861 4174 958 4235; x_wconf 91' lang='lat' dir='ltr'>omnia</span> <span class='ocrx_word' id='word_1_221' title='bbox 985 4169 1178 4257; x_wconf 89' lang='lat' dir='ltr'>praedicasse.</span> <span class='ocrx_word' id='word_1_222' title='bbox 1225 4167 1259 4232; x_wconf 83' lang='lat' dir='ltr'>si</span> 
     </span>
     <span class='ocr_line' id='line_1_31' title="bbox 140 4294 1259 4385; baseline -0.003 -24"><span class='ocrx_word' id='word_1_223' title='bbox 140 4294 303 4362; x_wconf 91' lang='lat' dir='ltr'>Solomone</span> <span class='ocrx_word' id='word_1_224' title='bbox 326 4310 467 4385; x_wconf 87' lang='lat' dir='ltr'>regnante</span> <span class='ocrx_word' id='word_1_225' title='bbox 491 4319 606 4362; x_wconf 79' lang='lat' dir='ltr'>emman</span> <span class='ocrx_word' id='word_1_226' title='bbox 629 4296 751 4384; x_wconf 91' lang='lat' dir='ltr'>aliquod</span> <span class='ocrx_word' id='word_1_227' title='bbox 775 4296 820 4360; x_wconf 89' lang='lat' dir='ltr'>vel</span> <span class='ocrx_word' id='word_1_228' title='bbox 835 4307 973 4372; x_wconf 84' lang='lat' dir='ltr'>exstaret,</span> <span class='ocrx_word' id='word_1_229' title='bbox 998 4295 1044 4359; x_wconf 89' lang='lat' dir='ltr'>vel</span> <span class='ocrx_word' id='word_1_230' title='bbox 1062 4297 1259 4383; x_wconf 92' lang='lat' dir='ltr'>compositum</span> 
     </span>
     <span class='ocr_line' id='line_1_32' title="bbox 139 4418 1259 4498; baseline -0.002 -13"><span class='ocrx_word' id='word_1_231' title='bbox 139 4434 226 4498; x_wconf 89' lang='lat' dir='ltr'>esset,</span> <span class='ocrx_word' id='word_1_232' title='bbox 244 4434 279 4488; x_wconf 90' lang='lat' dir='ltr'>ut</span> <span class='ocrx_word' id='word_1_233' title='bbox 293 4422 371 4488; x_wconf 91' lang='lat' dir='ltr'>hanc</span> <span class='ocrx_word' id='word_1_234' title='bbox 384 4421 619 4492; x_wconf 90' lang='lat' dir='ltr'>benedictionem</span> <span class='ocrx_word' id='word_1_235' title='bbox 634 4425 728 4488; x_wconf 88' lang='lat' dir='ltr'>invito</span> <span class='ocrx_word' id='word_1_236' title='bbox 745 4425 807 4487; x_wconf 89' lang='lat' dir='ltr'>vati</span> <span class='ocrx_word' id='word_1_237' title='bbox 823 4433 969 4488; x_wconf 80' lang='lat' dir='ltr'>extortam</span> <span class='ocrx_word' id='word_1_238' title='bbox 985 4420 1092 4486; x_wconf 89' lang='lat' dir='ltr'>vividis</span> <span class='ocrx_word' id='word_1_239' title='bbox 1108 4418 1259 4484; x_wconf 91' lang='lat' dir='ltr'>coloribus</span> 
     </span>
    </p>
   </div>
   <div class='ocr_carea' id='block_1_11' title="bbox 0 0 1584 5170">
    <p class='ocr_par' dir='ltr' id='par_1_11' title="bbox 0 0 1584 5170">
     <span class='ocr_line' id='line_1_33' title="bbox 0 0 1584 5170; baseline 0 1"><span class='ocrx_word' id='word_1_240' title='bbox 0 0 1584 5170; x_wconf 95' lang='lat' dir='ltr'> </span> 
     </span>
    </p>
   </div>
  </div>
 </body>
</html>
