<?xml version="1.0" encoding="UTF-8"?>
<!DOCTYPE html PUBLIC "-//W3C//DTD XHTML 1.0 Transitional//EN"
    "http://www.w3.org/TR/xhtml1/DTD/xhtml1-transitional.dtd">
<html xmlns="http://www.w3.org/1999/xhtml" xml:lang="en" lang="en">
 <head>
  <title>
</title>
<meta http-equiv="Content-Type" content="text/html;charset=utf-8" />
  <meta name='ocr-system' content='tesseract 3.04.00' />
  <meta name='ocr-capabilities' content='ocr_page ocr_carea ocr_par ocr_line ocrx_word'/>
</head>
<body>
  <div class='ocr_page' id='page_1' title='image "./jasharfragmenta00donagoog_0152.png"; bbox 0 0 3152 5160; ppageno 0'>
   <div class='ocr_carea' id='block_1_1' title="bbox 609 359 823 468">
    <p class='ocr_par' dir='ltr' id='par_1_1' title="bbox 609 359 823 468">
     <span class='ocr_line' id='line_1_1' title="bbox 609 359 823 468; baseline 0 -36"><span class='ocrx_word' id='word_1_1' title='bbox 609 359 823 468; x_wconf 36' lang='lat' dir='ltr'><strong>*ms—</strong></span> 
     </span>
    </p>
   </div>
   <div class='ocr_carea' id='block_1_2' title="bbox 150 562 1279 3132">
    <p class='ocr_par' dir='ltr' id='par_1_2' title="bbox 150 562 1279 3132">
     <span class='ocr_line' id='line_1_2' title="bbox 153 562 1278 662; baseline 0.006 -32"><span class='ocrx_word' id='word_1_2' title='bbox 153 562 272 632; x_wconf 85' lang='lat' dir='ltr'><strong>Jchova</strong></span> <span class='ocrx_word' id='word_1_3' title='bbox 294 563 566 654; x_wconf 78' lang='lat' dir='ltr'><strong>»haudquaquam«</strong></span> <span class='ocrx_word' id='word_1_4' title='bbox 595 570 692 656; x_wconf 85' lang='lat' dir='ltr'><strong>inquit</strong></span> <span class='ocrx_word' id='word_1_5' title='bbox 719 563 799 650; x_wconf 85' lang='lat' dir='ltr'><strong>(nam</strong></span> <span class='ocrx_word' id='word_1_6' title='bbox 823 591 889 634; x_wconf 91' lang='lat' dir='ltr'><strong>cum</strong></span> <span class='ocrx_word' id='word_1_7' title='bbox 911 569 1006 636; x_wconf 88' lang='lat' dir='ltr'>LXX.</span> <span class='ocrx_word' id='word_1_8' title='bbox 1030 571 1170 660; x_wconf 85' lang='lat' dir='ltr'><strong>aliisque,</strong></span> <span class='ocrx_word' id='word_1_9' title='bbox 1201 594 1278 662; x_wconf 85' lang='lat' dir='ltr'><strong>quos</strong></span> 
     </span>
     <span class='ocr_line' id='line_1_3' title="bbox 156 668 1279 794; baseline 0.01 -41"><span class='ocrx_word' id='word_1_10' title='bbox 156 692 227 754; x_wconf 86' lang='lat' dir='ltr'><strong>citat</strong></span> <span class='ocrx_word' id='word_1_11' title='bbox 256 688 399 768; x_wconf 88' lang='lat' dir='ltr'><strong>Dathius,</strong></span> <span class='ocrx_word' id='word_1_12' title='bbox 435 691 592 780; x_wconf 87' lang='lat' dir='ltr'><strong>legendum</strong></span> <span class='ocrx_word' id='word_1_13' title='bbox 626 697 666 794; x_wconf 64' lang='grc' dir='ltr'>Ρ</span> <span class='ocrx_word' id='word_1_14' title='bbox 695 668 789 775; x_wconf 50' lang='lat' dir='ltr'><strong>&amp;Vll</strong></span> <span class='ocrx_word' id='word_1_15' title='bbox 825 697 1015 782; x_wconf 66' lang='lat' dir='ltr'><strong>’quicunque</strong></span> <span class='ocrx_word' id='word_1_16' title='bbox 1044 708 1074 760; x_wconf 92' lang='lat' dir='ltr'><strong>te</strong></span> <span class='ocrx_word' id='word_1_17' title='bbox 1101 695 1279 764; x_wconf 81' lang='lat' dir='ltr'><strong>interfecerit</strong></span> 
     </span>
     <span class='ocr_line' id='line_1_4' title="bbox 154 814 1279 910; baseline 0.008 -32"><span class='ocrx_word' id='word_1_18' title='bbox 154 814 285 902; x_wconf 86' lang='lat' dir='ltr'><strong>septupli</strong></span> <span class='ocrx_word' id='word_1_19' title='bbox 306 838 434 903; x_wconf 88' lang='lat' dir='ltr'><strong>poenam</strong></span> <span class='ocrx_word' id='word_1_20' title='bbox 457 817 601 882; x_wconf 79' lang='lat' dir='ltr'><strong>subibit«</strong></span> <span class='ocrx_word' id='word_1_21' title='bbox 635 817 675 884; x_wconf 87' lang='lat' dir='ltr'><strong>Et</strong></span> <span class='ocrx_word' id='word_1_22' title='bbox 697 820 722 882; x_wconf 93' lang='lat' dir='ltr'><strong>si</strong></span> <span class='ocrx_word' id='word_1_23' title='bbox 746 839 937 904; x_wconf 82' lang='lat' dir='ltr'><strong>quaeramus,</strong></span> <span class='ocrx_word' id='word_1_24' title='bbox 962 820 1042 906; x_wconf 90' lang='lat' dir='ltr'><strong>quali</strong></span> <span class='ocrx_word' id='word_1_25' title='bbox 1060 823 1145 910; x_wconf 92' lang='lat' dir='ltr'><strong>signo</strong></span> <span class='ocrx_word' id='word_1_26' title='bbox 1162 821 1279 887; x_wconf 85' lang='lat' dir='ltr'><strong>Jehova</strong></span> 
     </span>
     <span class='ocr_line' id='line_1_5' title="bbox 156 937 1278 1032; baseline 0.008 -28"><span class='ocrx_word' id='word_1_27' title='bbox 156 937 284 1022; x_wconf 81' lang='lat' dir='ltr'><strong>Qainum</strong></span> <span class='ocrx_word' id='word_1_28' title='bbox 301 945 456 1020; x_wconf 82' lang='lat' dir='ltr'><strong>tutaverit,</strong></span> <span class='ocrx_word' id='word_1_29' title='bbox 481 965 596 1008; x_wconf 90' lang='lat' dir='ltr'><strong>summa</strong></span> <span class='ocrx_word' id='word_1_30' title='bbox 612 941 792 1008; x_wconf 87' lang='lat' dir='ltr'><strong>obscuritate</strong></span> <span class='ocrx_word' id='word_1_31' title='bbox 808 943 956 1030; x_wconf 89' lang='lat' dir='ltr'><strong>impeditis</strong></span> <span class='ocrx_word' id='word_1_32' title='bbox 973 948 1125 1032; x_wconf 77' lang='lat' dir='ltr'><strong>suppetias</strong></span> <span class='ocrx_word' id='word_1_33' title='bbox 1142 945 1278 1013; x_wconf 86' lang='lat' dir='ltr'><strong>adveniet</strong></span> 
     </span>
     <span class='ocr_line' id='line_1_6' title="bbox 153 1063 1278 1156; baseline 0.007 -28"><span class='ocrx_word' id='word_1_34' title='bbox 153 1063 358 1130; x_wconf 90' lang='lat' dir='ltr'><strong>Kinnaeorum</strong></span> <span class='ocrx_word' id='word_1_35' title='bbox 381 1067 516 1131; x_wconf 91' lang='lat' dir='ltr'><strong>historia.</strong></span> <span class='ocrx_word' id='word_1_36' title='bbox 563 1066 638 1132; x_wconf 92' lang='lat' dir='ltr'><strong>Nam</strong></span> <span class='ocrx_word' id='word_1_37' title='bbox 662 1067 861 1154; x_wconf 87' lang='lat' dir='ltr'><strong>quodcunque</strong></span> <span class='ocrx_word' id='word_1_38' title='bbox 885 1083 970 1135; x_wconf 87' lang='lat' dir='ltr'><strong>antea</strong></span> <span class='ocrx_word' id='word_1_39' title='bbox 992 1082 1184 1156; x_wconf 82' lang='lat' dir='ltr'><strong>patraverant</strong></span> <span class='ocrx_word' id='word_1_40' title='bbox 1203 1071 1278 1136; x_wconf 85' lang='lat' dir='ltr'><strong>llin-</strong></span> 
     </span>
     <span class='ocr_line' id='line_1_7' title="bbox 154 1191 1275 1280; baseline 0.007 -28"><span class='ocrx_word' id='word_1_41' title='bbox 154 1191 235 1266; x_wconf 90' lang='lat' dir='ltr'><strong>naci,</strong></span> <span class='ocrx_word' id='word_1_42' title='bbox 265 1202 377 1268; x_wconf 68' lang='lat' dir='ltr'><strong>tarnem</strong></span> <span class='ocrx_word' id='word_1_43' title='bbox 409 1213 502 1280; x_wconf 91' lang='lat' dir='ltr'><strong>quum</strong></span> <span class='ocrx_word' id='word_1_44' title='bbox 523 1192 670 1258; x_wconf 90' lang='lat' dir='ltr'><strong>Israelitae</strong></span> <span class='ocrx_word' id='word_1_45' title='bbox 702 1192 740 1258; x_wconf 92' lang='lat' dir='ltr'><strong>ad</strong></span> <span class='ocrx_word' id='word_1_46' title='bbox 767 1196 945 1280; x_wconf 91' lang='lat' dir='ltr'><strong>promissam</strong></span> <span class='ocrx_word' id='word_1_47' title='bbox 968 1207 1076 1260; x_wconf 86' lang='lat' dir='ltr'><strong>terram</strong></span> <span class='ocrx_word' id='word_1_48' title='bbox 1099 1194 1275 1273; x_wconf 85' lang='lat' dir='ltr'><strong>transibant,</strong></span> 
     </span>
     <span class='ocr_line' id='line_1_8' title="bbox 155 1313 1278 1407; baseline 0.007 -29"><span class='ocrx_word' id='word_1_49' title='bbox 155 1313 311 1393; x_wconf 85' lang='lat' dir='ltr'><strong>cavebant,</strong></span> <span class='ocrx_word' id='word_1_50' title='bbox 336 1339 372 1384; x_wconf 89' lang='lat' dir='ltr'><strong>ne</strong></span> <span class='ocrx_word' id='word_1_51' title='bbox 396 1339 485 1404; x_wconf 58' lang='lat' dir='ltr'><strong>wem</strong></span> <span class='ocrx_word' id='word_1_52' title='bbox 508 1320 543 1384; x_wconf 93' lang='lat' dir='ltr'><strong>iis</strong></span> <span class='ocrx_word' id='word_1_53' title='bbox 564 1321 625 1382; x_wconf 83' lang='lat' dir='ltr'><strong>vim</strong></span> <span class='ocrx_word' id='word_1_54' title='bbox 648 1316 798 1384; x_wconf 85' lang='lat' dir='ltr'><strong>inferrent.</strong></span> <span class='ocrx_word' id='word_1_55' title='bbox 833 1318 936 1407; x_wconf 91' lang='lat' dir='ltr'><strong>ltaque</strong></span> <span class='ocrx_word' id='word_1_56' title='bbox 959 1323 1074 1386; x_wconf 90' lang='lat' dir='ltr'><strong>curavit</strong></span> <span class='ocrx_word' id='word_1_57' title='bbox 1087 1320 1217 1398; x_wconf 81' lang='lat' dir='ltr'><strong>debora,</strong></span> <span class='ocrx_word' id='word_1_58' title='bbox 1242 1332 1278 1386; x_wconf 91' lang='lat' dir='ltr'><strong>ut</strong></span> 
     </span>
     <span class='ocr_line' id='line_1_9' title="bbox 154 1441 1277 1530; baseline 0.006 -27"><span class='ocrx_word' id='word_1_59' title='bbox 154 1442 278 1504; x_wconf 84' lang='lat' dir='ltr'><strong>seorsim</strong></span> <span class='ocrx_word' id='word_1_60' title='bbox 301 1454 331 1506; x_wconf 91' lang='lat' dir='ltr'><strong>ct</strong></span> <span class='ocrx_word' id='word_1_61' title='bbox 353 1441 471 1508; x_wconf 88' lang='lat' dir='ltr'><strong>discreti</strong></span> <span class='ocrx_word' id='word_1_62' title='bbox 494 1466 512 1506; x_wconf 90' lang='lat' dir='ltr'><strong>a</strong></span> <span class='ocrx_word' id='word_1_63' title='bbox 534 1447 637 1508; x_wconf 90' lang='lat' dir='ltr'><strong>ceteris</strong></span> <span class='ocrx_word' id='word_1_64' title='bbox 660 1443 871 1530; x_wconf 90' lang='lat' dir='ltr'><strong>Amalequitis,</strong></span> <span class='ocrx_word' id='word_1_65' title='bbox 896 1445 943 1509; x_wconf 82' lang='lat' dir='ltr'><strong>vel</strong></span> <span class='ocrx_word' id='word_1_66' title='bbox 966 1447 997 1509; x_wconf 91' lang='lat' dir='ltr'><strong>in</strong></span> <span class='ocrx_word' id='word_1_67' title='bbox 1019 1445 1142 1512; x_wconf 90' lang='lat' dir='ltr'><strong>Petraea</strong></span> <span class='ocrx_word' id='word_1_68' title='bbox 1164 1444 1277 1510; x_wconf 87' lang='lat' dir='ltr'><strong>Arabia</strong></span> 
     </span>
     <span class='ocr_line' id='line_1_10' title="bbox 155 1565 1274 1656; baseline 0.004 -28"><span class='ocrx_word' id='word_1_69' title='bbox 155 1565 201 1632; x_wconf 83' lang='lat' dir='ltr'><strong>vel</strong></span> <span class='ocrx_word' id='word_1_70' title='bbox 223 1568 254 1630; x_wconf 92' lang='lat' dir='ltr'><strong>in</strong></span> <span class='ocrx_word' id='word_1_71' title='bbox 276 1565 458 1645; x_wconf 88' lang='lat' dir='ltr'><strong>Palaestina,</strong></span> <span class='ocrx_word' id='word_1_72' title='bbox 489 1567 673 1648; x_wconf 79' lang='lat' dir='ltr'><strong>habitarent3</strong></span> <span class='ocrx_word' id='word_1_73' title='bbox 702 1581 732 1634; x_wconf 91' lang='lat' dir='ltr'><strong>et</strong></span> <span class='ocrx_word' id='word_1_74' title='bbox 755 1590 847 1656; x_wconf 90' lang='lat' dir='ltr'><strong>quum</strong></span> <span class='ocrx_word' id='word_1_75' title='bbox 871 1565 995 1646; x_wconf 87' lang='lat' dir='ltr'><strong>Saulus,</strong></span> <span class='ocrx_word' id='word_1_76' title='bbox 1021 1571 1111 1656; x_wconf 90' lang='lat' dir='ltr'><strong>jussu</strong></span> <span class='ocrx_word' id='word_1_77' title='bbox 1133 1570 1274 1650; x_wconf 83' lang='lat' dir='ltr'><strong>lehovae,</strong></span> 
     </span>
     <span class='ocr_line' id='line_1_11' title="bbox 155 1665 1274 1782; baseline 0.004 -28"><span class='ocrx_word' id='word_1_78' title='bbox 155 1712 256 1756; x_wconf 90' lang='lat' dir='ltr'><strong>omnes</strong></span> <span class='ocrx_word' id='word_1_79' title='bbox 283 1690 485 1782; x_wconf 83' lang='lat' dir='ltr'><strong>Amalequites</strong></span> <span class='ocrx_word' id='word_1_80' title='bbox 515 1693 658 1771; x_wconf 86' lang='lat' dir='ltr'><strong>concidit,</strong></span> <span class='ocrx_word' id='word_1_81' title='bbox 687 1693 813 1758; x_wconf 89' lang='lat' dir='ltr'><strong>Kinnaei</strong></span> <span class='ocrx_word' id='word_1_82' title='bbox 842 1697 935 1782; x_wconf 83' lang='lat' dir='ltr'><strong>agniti</strong></span> <span class='ocrx_word' id='word_1_83' title='bbox 964 1665 1048 1772; x_wconf 89' lang='lat' dir='ltr'><strong>sunt,</strong></span> <span class='ocrx_word' id='word_1_84' title='bbox 1079 1707 1109 1759; x_wconf 93' lang='lat' dir='ltr'><strong>et</strong></span> <span class='ocrx_word' id='word_1_85' title='bbox 1136 1697 1274 1781; x_wconf 82' lang='lat' dir='ltr'><strong>exempti.</strong></span> 
     </span>
     <span class='ocr_line' id='line_1_12' title="bbox 155 1813 1277 1906; baseline 0.004 -27"><span class='ocrx_word' id='word_1_86' title='bbox 155 1813 235 1897; x_wconf 80' lang='lat' dir='ltr'><strong>Quin</strong></span> <span class='ocrx_word' id='word_1_87' title='bbox 261 1820 348 1882; x_wconf 90' lang='lat' dir='ltr'><strong>etiam</strong></span> <span class='ocrx_word' id='word_1_88' title='bbox 372 1817 471 1883; x_wconf 89' lang='lat' dir='ltr'><strong>divina</strong></span> <span class='ocrx_word' id='word_1_89' title='bbox 498 1818 687 1906; x_wconf 86' lang='lat' dir='ltr'><strong>providentia</strong></span> <span class='ocrx_word' id='word_1_90' title='bbox 709 1819 829 1895; x_wconf 89' lang='lat' dir='ltr'><strong>accidit,</strong></span> <span class='ocrx_word' id='word_1_91' title='bbox 859 1830 895 1883; x_wconf 93' lang='lat' dir='ltr'><strong>ut</strong></span> <span class='ocrx_word' id='word_1_92' title='bbox 917 1819 1022 1884; x_wconf 90' lang='lat' dir='ltr'><strong>mulier</strong></span> <span class='ocrx_word' id='word_1_93' title='bbox 1043 1819 1177 1884; x_wconf 89' lang='lat' dir='ltr'><strong>Kinnaea</strong></span> <span class='ocrx_word' id='word_1_94' title='bbox 1199 1823 1277 1883; x_wconf 90' lang='lat' dir='ltr'><strong>iuter</strong></span> 
     </span>
     <span class='ocr_line' id='line_1_13' title="bbox 152 1939 1276 2031; baseline 0.004 -28"><span class='ocrx_word' id='word_1_95' title='bbox 152 1939 299 2005; x_wconf 89' lang='lat' dir='ltr'><strong>Israelitas</strong></span> <span class='ocrx_word' id='word_1_96' title='bbox 327 1942 480 2021; x_wconf 87' lang='lat' dir='ltr'><strong>habitans,</strong></span> <span class='ocrx_word' id='word_1_97' title='bbox 509 1943 671 2031; x_wconf 83' lang='lat' dir='ltr'><strong>perfidiose</strong></span> <span class='ocrx_word' id='word_1_98' title='bbox 699 1943 748 2008; x_wconf 88' lang='lat' dir='ltr'><strong>illa</strong></span> <span class='ocrx_word' id='word_1_99' title='bbox 778 1942 898 2030; x_wconf 89' lang='lat' dir='ltr'><strong>quidem</strong></span> <span class='ocrx_word' id='word_1_100' title='bbox 927 1943 1014 2008; x_wconf 89' lang='lat' dir='ltr'><strong>caede</strong></span> <span class='ocrx_word' id='word_1_101' title='bbox 1037 1957 1067 2008; x_wconf 90' lang='lat' dir='ltr'><strong>ct</strong></span> <span class='ocrx_word' id='word_1_102' title='bbox 1089 1967 1165 2031; x_wconf 90' lang='lat' dir='ltr'><strong>quae</strong></span> <span class='ocrx_word' id='word_1_103' title='bbox 1189 1941 1276 2026; x_wconf 79' lang='lat' dir='ltr'><strong>Qaini</strong></span> 
     </span>
     <span class='ocr_line' id='line_1_14' title="bbox 153 2068 1276 2174; baseline 0.004 -46"><span class='ocrx_word' id='word_1_104' title='bbox 153 2068 292 2174; x_wconf 72' lang='lat' dir='ltr'><strong>spiritum</strong></span> <span class='ocrx_word' id='word_1_105' title='bbox 314 2081 444 2155; x_wconf 87' lang='lat' dir='ltr'><strong>saperet,</strong></span> <span class='ocrx_word' id='word_1_106' title='bbox 470 2072 617 2132; x_wconf 88' lang='lat' dir='ltr'><strong>communi</strong></span> <span class='ocrx_word' id='word_1_107' title='bbox 640 2069 837 2134; x_wconf 90' lang='lat' dir='ltr'><strong>Israelitarum</strong></span> <span class='ocrx_word' id='word_1_108' title='bbox 861 2069 1017 2134; x_wconf 89' lang='lat' dir='ltr'><strong>commodo</strong></span> <span class='ocrx_word' id='word_1_109' title='bbox 1042 2091 1162 2157; x_wconf 86' lang='lat' dir='ltr'><strong>operam</strong></span> <span class='ocrx_word' id='word_1_110' title='bbox 1184 2092 1276 2133; x_wconf 86' lang='lat' dir='ltr'><strong>nava-</strong></span> 
     </span>
     <span class='ocr_line' id='line_1_15' title="bbox 154 2191 1275 2282; baseline 0.004 -29"><span class='ocrx_word' id='word_1_111' title='bbox 154 2193 238 2255; x_wconf 88' lang='lat' dir='ltr'><strong>verit.</strong></span> <span class='ocrx_word' id='word_1_112' title='bbox 284 2191 362 2256; x_wconf 90' lang='lat' dir='ltr'><strong>Vide</strong></span> <span class='ocrx_word' id='word_1_113' title='bbox 384 2196 486 2282; x_wconf 92' lang='lat' dir='ltr'><strong>igitur,</strong></span> <span class='ocrx_word' id='word_1_114' title='bbox 512 2193 652 2272; x_wconf 89' lang='lat' dir='ltr'><strong>obsecro,</strong></span> <span class='ocrx_word' id='word_1_115' title='bbox 678 2193 879 2260; x_wconf 87' lang='lat' dir='ltr'><strong>admirabilem</strong></span> <span class='ocrx_word' id='word_1_116' title='bbox 902 2193 959 2260; x_wconf 90' lang='lat' dir='ltr'><strong>loci</strong></span> <span class='ocrx_word' id='word_1_117' title='bbox 981 2195 1115 2260; x_wconf 91' lang='lat' dir='ltr'><strong>nondum</strong></span> <span class='ocrx_word' id='word_1_118' title='bbox 1137 2193 1275 2259; x_wconf 91' lang='lat' dir='ltr'><strong>intellecti</strong></span> 
     </span>
     <span class='ocr_line' id='line_1_16' title="bbox 153 2318 1275 2404; baseline 0.003 -25"><span class='ocrx_word' id='word_1_119' title='bbox 153 2320 386 2404; x_wconf 87' lang='lat' dir='ltr'><strong>congruentiam.</strong></span> <span class='ocrx_word' id='word_1_120' title='bbox 432 2318 608 2384; x_wconf 87' lang='lat' dir='ltr'><strong>Paenitebat</strong></span> <span class='ocrx_word' id='word_1_121' title='bbox 633 2319 784 2384; x_wconf 87' lang='lat' dir='ltr'><strong>Kinnaeos</strong></span> <span class='ocrx_word' id='word_1_122' title='bbox 815 2341 846 2382; x_wconf 92' lang='lat' dir='ltr'><strong>se</strong></span> <span class='ocrx_word' id='word_1_123' title='bbox 874 2319 1013 2384; x_wconf 89' lang='lat' dir='ltr'><strong>Israelitis</strong></span> <span class='ocrx_word' id='word_1_124' title='bbox 1043 2331 1192 2384; x_wconf 88' lang='lat' dir='ltr'><strong>cruentam</strong></span> <span class='ocrx_word' id='word_1_125' title='bbox 1215 2321 1275 2384; x_wconf 91' lang='lat' dir='ltr'><strong>vim</strong></span> 
     </span>
     <span class='ocr_line' id='line_1_17' title="bbox 153 2441 1275 2532; baseline 0.002 -28"><span class='ocrx_word' id='word_1_126' title='bbox 153 2441 297 2506; x_wconf 90' lang='lat' dir='ltr'><strong>intulisse.</strong></span> <span class='ocrx_word' id='word_1_127' title='bbox 343 2441 434 2530; x_wconf 82' lang='lat' dir='ltr'><strong>Ergo,</strong></span> <span class='ocrx_word' id='word_1_128' title='bbox 460 2447 514 2508; x_wconf 92' lang='lat' dir='ltr'><strong>etsi</strong></span> <span class='ocrx_word' id='word_1_129' title='bbox 538 2466 653 2530; x_wconf 91' lang='lat' dir='ltr'><strong>semper</strong></span> <span class='ocrx_word' id='word_1_130' title='bbox 675 2442 870 2531; x_wconf 87' lang='lat' dir='ltr'><strong>vagabantur,</strong></span> <span class='ocrx_word' id='word_1_131' title='bbox 895 2455 925 2507; x_wconf 88' lang='lat' dir='ltr'><strong>et</strong></span> <span class='ocrx_word' id='word_1_132' title='bbox 948 2443 1074 2532; x_wconf 89' lang='lat' dir='ltr'><strong>denique</strong></span> <span class='ocrx_word' id='word_1_133' title='bbox 1097 2446 1128 2507; x_wconf 90' lang='lat' dir='ltr'><strong>in</strong></span> <span class='ocrx_word' id='word_1_134' title='bbox 1152 2446 1275 2529; x_wconf 86' lang='lat' dir='ltr'><strong>eaptivi-</strong></span> 
     </span>
     <span class='ocr_line' id='line_1_18' title="bbox 153 2537 1276 2646; baseline 0 -16"><span class='ocrx_word' id='word_1_135' title='bbox 153 2578 243 2632; x_wconf 88' lang='lat' dir='ltr'><strong>tatcm</strong></span> <span class='ocrx_word' id='word_1_136' title='bbox 272 2565 391 2632; x_wconf 86' lang='lat' dir='ltr'><strong>abducti</strong></span> <span class='ocrx_word' id='word_1_137' title='bbox 421 2582 507 2646; x_wconf 92' lang='lat' dir='ltr'><strong>sunt,</strong></span> <span class='ocrx_word' id='word_1_138' title='bbox 537 2581 636 2633; x_wconf 90' lang='lat' dir='ltr'><strong>tamen</strong></span> <span class='ocrx_word' id='word_1_139' title='bbox 664 2537 857 2633; x_wconf 79' lang='lat' dir='ltr'><strong>nihilominus</strong></span> <span class='ocrx_word' id='word_1_140' title='bbox 886 2567 923 2632; x_wconf 91' lang='lat' dir='ltr'><strong>ab</strong></span> <span class='ocrx_word' id='word_1_141' title='bbox 946 2568 1060 2632; x_wconf 91' lang='lat' dir='ltr'><strong>Israelis</strong></span> <span class='ocrx_word' id='word_1_142' title='bbox 1087 2566 1217 2632; x_wconf 86' lang='lat' dir='ltr'><strong>vindicta</strong></span> <span class='ocrx_word' id='word_1_143' title='bbox 1246 2579 1276 2630; x_wconf 91' lang='lat' dir='ltr'><strong>et</strong></span> 
     </span>
     <span class='ocr_line' id='line_1_19' title="bbox 152 2691 1275 2780; baseline 0 -25"><span class='ocrx_word' id='word_1_144' title='bbox 152 2691 267 2757; x_wconf 88' lang='lat' dir='ltr'><strong>ultione</strong></span> <span class='ocrx_word' id='word_1_145' title='bbox 295 2696 353 2758; x_wconf 87' lang='lat' dir='ltr'><strong>tuti</strong></span> <span class='ocrx_word' id='word_1_146' title='bbox 382 2707 479 2771; x_wconf 89' lang='lat' dir='ltr'><strong>erant,</strong></span> <span class='ocrx_word' id='word_1_147' title='bbox 510 2706 540 2758; x_wconf 88' lang='lat' dir='ltr'><strong>ct</strong></span> <span class='ocrx_word' id='word_1_148' title='bbox 562 2693 705 2758; x_wconf 82' lang='lat' dir='ltr'><strong>divinitus</strong></span> <span class='ocrx_word' id='word_1_149' title='bbox 732 2695 895 2758; x_wconf 90' lang='lat' dir='ltr'><strong>immissum</strong></span> <span class='ocrx_word' id='word_1_150' title='bbox 918 2693 1172 2780; x_wconf 87' lang='lat' dir='ltr'><strong>Amalequitarum</strong></span> <span class='ocrx_word' id='word_1_151' title='bbox 1196 2694 1275 2756; x_wconf 86' lang='lat' dir='ltr'><strong>exci-</strong></span> 
     </span>
     <span class='ocr_line' id='line_1_20' title="bbox 153 2807 1275 2906; baseline 0.001 -27"><span class='ocrx_word' id='word_1_152' title='bbox 153 2815 236 2880; x_wconf 92' lang='lat' dir='ltr'><strong>dium</strong></span> <span class='ocrx_word' id='word_1_153' title='bbox 265 2817 441 2906; x_wconf 85' lang='lat' dir='ltr'><strong>effugcrunt.</strong></span> <span class='ocrx_word' id='word_1_154' title='bbox 486 2818 530 2883; x_wconf 91' lang='lat' dir='ltr'><strong>Ita</strong></span> <span class='ocrx_word' id='word_1_155' title='bbox 560 2820 658 2884; x_wconf 90' lang='lat' dir='ltr'><strong>omnia</strong></span> <span class='ocrx_word' id='word_1_156' title='bbox 687 2819 859 2896; x_wconf 88' lang='lat' dir='ltr'><strong>cohaerent,</strong></span> <span class='ocrx_word' id='word_1_157' title='bbox 876 2807 1027 2884; x_wconf 57' lang='lat' dir='ltr'><strong>&#39;tenebrae</strong></span> <span class='ocrx_word' id='word_1_158' title='bbox 1057 2840 1159 2883; x_wconf 92' lang='lat' dir='ltr'><strong>omnes</strong></span> <span class='ocrx_word' id='word_1_159' title='bbox 1188 2816 1275 2881; x_wconf 91' lang='lat' dir='ltr'><strong>dissi-</strong></span> 
     </span>
     <span class='ocr_line' id='line_1_21' title="bbox 150 2943 1274 3032; baseline 0.002 -26"><span class='ocrx_word' id='word_1_160' title='bbox 150 2954 279 3030; x_wconf 80' lang='lat' dir='ltr'><strong>pantur3</strong></span> <span class='ocrx_word' id='word_1_161' title='bbox 302 2956 332 3007; x_wconf 93' lang='lat' dir='ltr'><strong>et</strong></span> <span class='ocrx_word' id='word_1_162' title='bbox 353 2943 425 3008; x_wconf 89' lang='lat' dir='ltr'><strong>haec</strong></span> <span class='ocrx_word' id='word_1_163' title='bbox 449 2965 569 3032; x_wconf 86' lang='lat' dir='ltr'><strong>quoque</strong></span> <span class='ocrx_word' id='word_1_164' title='bbox 584 2944 741 3010; x_wconf 88' lang='lat' dir='ltr'><strong>Jasharani</strong></span> <span class='ocrx_word' id='word_1_165' title='bbox 763 2943 830 3009; x_wconf 90' lang='lat' dir='ltr'><strong>libri</strong></span> <span class='ocrx_word' id='word_1_166' title='bbox 853 2943 999 3031; x_wconf 93' lang='lat' dir='ltr'><strong>particula</strong></span> <span class='ocrx_word' id='word_1_167' title='bbox 1021 2967 1109 3010; x_wconf 92' lang='lat' dir='ltr'><strong>suum</strong></span> <span class='ocrx_word' id='word_1_168' title='bbox 1129 2943 1274 3032; x_wconf 87' lang='lat' dir='ltr'><strong>honorem</strong></span> 
     </span>
     <span class='ocr_line' id='line_1_22' title="bbox 153 3066 277 3132; baseline 0 -1"><span class='ocrx_word' id='word_1_169' title='bbox 153 3066 277 3132; x_wconf 88' lang='lat' dir='ltr'><strong>obtinet.</strong></span> 
     </span>
    </p>
   </div>
   <div class='ocr_carea' id='block_1_3' title="bbox 415 3269 1014 3345">
    <p class='ocr_par' dir='ltr' id='par_1_3' title="bbox 415 3269 1014 3345">
     <span class='ocr_line' id='line_1_23' title="bbox 415 3269 1014 3345; baseline -0.002 -3"><span class='ocrx_word' id='word_1_170' title='bbox 415 3269 460 3342; x_wconf 88' lang='lat' dir='ltr'><strong>IN</strong></span> <span class='ocrx_word' id='word_1_171' title='bbox 486 3270 785 3344; x_wconf 81' lang='lat' dir='ltr'><strong>FRAGMENTVM</strong></span> <span class='ocrx_word' id='word_1_172' title='bbox 812 3271 1014 3345; x_wconf 78' lang='lat' dir='ltr'>TERTIUM.</span> 
     </span>
    </p>
   </div>
   <div class='ocr_carea' id='block_1_4' title="bbox 150 3444 1276 4408">
    <p class='ocr_par' dir='ltr' id='par_1_4' title="bbox 150 3444 1276 4408">
     <span class='ocr_line' id='line_1_24' title="bbox 242 3444 1274 3531; baseline -0.005 -21"><span class='ocrx_word' id='word_1_173' title='bbox 242 3445 380 3510; x_wconf 91' lang='lat' dir='ltr'><strong>Vidimus</strong></span> <span class='ocrx_word' id='word_1_174' title='bbox 403 3444 508 3510; x_wconf 85' lang='lat' dir='ltr'><strong>Habeli</strong></span> <span class='ocrx_word' id='word_1_175' title='bbox 531 3468 639 3511; x_wconf 91' lang='lat' dir='ltr'><strong>nomen</strong></span> <span class='ocrx_word' id='word_1_176' title='bbox 661 3469 723 3512; x_wconf 89' lang='lat' dir='ltr'><strong>non</strong></span> <span class='ocrx_word' id='word_1_177' title='bbox 745 3459 804 3511; x_wconf 86' lang='lat' dir='ltr'><strong>tam</strong></span> <span class='ocrx_word' id='word_1_178' title='bbox 821 3444 1025 3511; x_wconf 86' lang='lat' dir='ltr'><strong>Abraharnum</strong></span> <span class='ocrx_word' id='word_1_179' title='bbox 1046 3446 1160 3529; x_wconf 91' lang='lat' dir='ltr'><strong>ipsum,</strong></span> <span class='ocrx_word' id='word_1_180' title='bbox 1186 3465 1274 3531; x_wconf 88' lang='lat' dir='ltr'><strong>quarn</strong></span> 
     </span>
     <span class='ocr_line' id='line_1_25' title="bbox 151 3566 1274 3660; baseline -0.006 -23"><span class='ocrx_word' id='word_1_181' title='bbox 151 3574 231 3659; x_wconf 86' lang='lat' dir='ltr'><strong>piam</strong></span> <span class='ocrx_word' id='word_1_182' title='bbox 248 3571 410 3635; x_wconf 88' lang='lat' dir='ltr'><strong>Abrahami</strong></span> <span class='ocrx_word' id='word_1_183' title='bbox 433 3569 571 3637; x_wconf 81' lang='lat' dir='ltr'><strong>familiam</strong></span> <span class='ocrx_word' id='word_1_184' title='bbox 595 3571 758 3660; x_wconf 89' lang='lat' dir='ltr'><strong>designare.</strong></span> <span class='ocrx_word' id='word_1_185' title='bbox 799 3569 951 3645; x_wconf 87' lang='lat' dir='ltr'><strong>Ceterum,</strong></span> <span class='ocrx_word' id='word_1_186' title='bbox 977 3590 1070 3656; x_wconf 90' lang='lat' dir='ltr'><strong>quum</strong></span> <span class='ocrx_word' id='word_1_187' title='bbox 1084 3566 1274 3633; x_wconf 87' lang='lat' dir='ltr'><strong>Abrahamus</strong></span> 
     </span>
     <span class='ocr_line' id='line_1_26' title="bbox 152 3669 1273 3785; baseline -0.004 -25"><span class='ocrx_word' id='word_1_188' title='bbox 152 3695 263 3784; x_wconf 90' lang='lat' dir='ltr'><strong>duplici</strong></span> <span class='ocrx_word' id='word_1_189' title='bbox 286 3699 405 3762; x_wconf 90' lang='lat' dir='ltr'><strong>nomine</strong></span> <span class='ocrx_word' id='word_1_190' title='bbox 427 3669 614 3785; x_wconf 79' lang='lat' dir='ltr'><strong>insigniatur,</strong></span> <span class='ocrx_word' id='word_1_191' title='bbox 638 3699 663 3760; x_wconf 93' lang='lat' dir='ltr'><strong>is</strong></span> <span class='ocrx_word' id='word_1_192' title='bbox 680 3717 801 3783; x_wconf 89' lang='lat' dir='ltr'><strong>quoque</strong></span> <span class='ocrx_word' id='word_1_193' title='bbox 825 3694 936 3781; x_wconf 90' lang='lat' dir='ltr'><strong>duplici</strong></span> <span class='ocrx_word' id='word_1_194' title='bbox 949 3716 1071 3759; x_wconf 90' lang='lat' dir='ltr'><strong>munere</strong></span> <span class='ocrx_word' id='word_1_195' title='bbox 1086 3691 1273 3782; x_wconf 85' lang='lat' dir='ltr'><strong>fungebatur.</strong></span> 
     </span>
     <span class='ocr_line' id='line_1_27' title="bbox 150 3818 1275 3910; baseline -0.003 -25"><span class='ocrx_word' id='word_1_196' title='bbox 150 3820 222 3886; x_wconf 83' lang='lat' dir='ltr'><strong>Fuit</strong></span> <span class='ocrx_word' id='word_1_197' title='bbox 251 3824 327 3886; x_wconf 91' lang='lat' dir='ltr'><strong>enim</strong></span> <span class='ocrx_word' id='word_1_198' title='bbox 356 3844 418 3885; x_wconf 91' lang='lat' dir='ltr'><strong>non</strong></span> <span class='ocrx_word' id='word_1_199' title='bbox 445 3821 536 3885; x_wconf 91' lang='lat' dir='ltr'><strong>modo</strong></span> <span class='ocrx_word' id='word_1_200' title='bbox 571 3821 739 3910; x_wconf 90' lang='lat' dir='ltr'><strong>relligiosus</strong></span> <span class='ocrx_word' id='word_1_201' title='bbox 772 3821 819 3885; x_wconf 93' lang='lat' dir='ltr'><strong>ille</strong></span> <span class='ocrx_word' id='word_1_202' title='bbox 848 3820 989 3907; x_wconf 86' lang='lat' dir='ltr'><strong>parvulae</strong></span> <span class='ocrx_word' id='word_1_203' title='bbox 1018 3820 1070 3885; x_wconf 92' lang='lat' dir='ltr'><strong>sed</strong></span> <span class='ocrx_word' id='word_1_204' title='bbox 1098 3818 1275 3884; x_wconf 83' lang='lat' dir='ltr'><strong>fortissimae</strong></span> 
     </span>
     <span class='ocr_line' id='line_1_28' title="bbox 153 3943 1276 4033; baseline -0.003 -25"><span class='ocrx_word' id='word_1_205' title='bbox 153 3948 302 4010; x_wconf 87' lang='lat' dir='ltr'><strong>societatis</strong></span> <span class='ocrx_word' id='word_1_206' title='bbox 326 3943 462 4033; x_wconf 82' lang='lat' dir='ltr'><strong>signifer,</strong></span> <span class='ocrx_word' id='word_1_207' title='bbox 488 3949 539 4032; x_wconf 91' lang='lat' dir='ltr'><strong>qui</strong></span> <span class='ocrx_word' id='word_1_208' title='bbox 563 3969 579 4010; x_wconf 90' lang='lat' dir='ltr'><strong>a</strong></span> <span class='ocrx_word' id='word_1_209' title='bbox 602 3945 847 4010; x_wconf 87' lang='lat' dir='ltr'><strong>latrocinantibus</strong></span> <span class='ocrx_word' id='word_1_210' title='bbox 870 3945 981 4033; x_wconf 89' lang='lat' dir='ltr'><strong>regulis</strong></span> <span class='ocrx_word' id='word_1_211' title='bbox 1004 3944 1143 4032; x_wconf 84' lang='lat' dir='ltr'><strong>praedam</strong></span> <span class='ocrx_word' id='word_1_212' title='bbox 1166 3945 1276 4029; x_wconf 91' lang='lat' dir='ltr'><strong>eripuit</strong></span> 
     </span>
     <span class='ocr_line' id='line_1_29' title="bbox 153 4064 1275 4158; baseline -0.008 -22"><span class='ocrx_word' id='word_1_213' title='bbox 153 4065 246 4153; x_wconf 87' lang='lat' dir='ltr'><strong>(Gen.</strong></span> <span class='ocrx_word' id='word_1_214' title='bbox 261 4070 343 4147; x_wconf 86' lang='lat' dir='ltr'><strong>XIV,</strong></span> <span class='ocrx_word' id='word_1_215' title='bbox 363 4069 413 4148; x_wconf 87' lang='lat'><strong>15,</strong></span> <span class='ocrx_word' id='word_1_216' title='bbox 433 4066 507 4153; x_wconf 81' lang='lat'><strong>16),</strong></span> <span class='ocrx_word' id='word_1_217' title='bbox 533 4073 636 4158; x_wconf 92' lang='lat' dir='ltr'><strong>etqui</strong></span> <span class='ocrx_word' id='word_1_218' title='bbox 660 4092 726 4134; x_wconf 88' lang='lat' dir='ltr'><strong>cum</strong></span> <span class='ocrx_word' id='word_1_219' title='bbox 750 4071 814 4134; x_wconf 87' lang='lat' dir='ltr'><strong>aliis</strong></span> <span class='ocrx_word' id='word_1_220' title='bbox 839 4070 1068 4136; x_wconf 87' lang='lat' dir='ltr'><strong>Canaanitarum</strong></span> <span class='ocrx_word' id='word_1_221' title='bbox 1090 4064 1275 4154; x_wconf 89' lang='lat' dir='ltr'><strong>principibus</strong></span> 
     </span>
     <span class='ocr_line' id='line_1_30' title="bbox 151 4189 1275 4282; baseline -0.004 -24"><span class='ocrx_word' id='word_1_222' title='bbox 151 4194 357 4282; x_wconf 89' lang='lat' dir='ltr'><strong>paciscebatur</strong></span> <span class='ocrx_word' id='word_1_223' title='bbox 380 4190 471 4276; x_wconf 88' lang='lat' dir='ltr'><strong>(Gen.</strong></span> <span class='ocrx_word' id='word_1_224' title='bbox 493 4195 580 4272; x_wconf 82' lang='lat' dir='ltr'><strong>XIX,</strong></span> <span class='ocrx_word' id='word_1_225' title='bbox 603 4191 735 4277; x_wconf 90' lang='lat' dir='ltr'><strong>XXIII),</strong></span> <span class='ocrx_word' id='word_1_226' title='bbox 760 4218 862 4260; x_wconf 89' lang='lat' dir='ltr'><strong>verum</strong></span> <span class='ocrx_word' id='word_1_227' title='bbox 887 4198 974 4260; x_wconf 91' lang='lat' dir='ltr'><strong>etiam</strong></span> <span class='ocrx_word' id='word_1_228' title='bbox 997 4192 1143 4280; x_wconf 88' lang='lat' dir='ltr'><strong>significat</strong></span> <span class='ocrx_word' id='word_1_229' title='bbox 1165 4189 1275 4255; x_wconf 87' lang='lat' dir='ltr'><strong>tribum</strong></span> 
     </span>
     <span class='ocr_line' id='line_1_31' title="bbox 154 4313 1274 4408; baseline -0.003 -25"><span class='ocrx_word' id='word_1_230' title='bbox 154 4322 254 4408; x_wconf 91' lang='lat' dir='ltr'><strong>stirpis</strong></span> <span class='ocrx_word' id='word_1_231' title='bbox 284 4318 438 4384; x_wconf 87' lang='lat' dir='ltr'><strong>Semiticae</strong></span> <span class='ocrx_word' id='word_1_232' title='bbox 466 4323 718 4407; x_wconf 86' lang='lat' dir='ltr'><strong>praerogativam,</strong></span> <span class='ocrx_word' id='word_1_233' title='bbox 755 4343 772 4382; x_wconf 93' lang='lat' dir='ltr'><strong>a</strong></span> <span class='ocrx_word' id='word_1_234' title='bbox 802 4341 860 4405; x_wconf 88' lang='lat' dir='ltr'><strong>qua</strong></span> <span class='ocrx_word' id='word_1_235' title='bbox 890 4331 936 4382; x_wconf 87' lang='lat' dir='ltr'><strong>tot</strong></span> <span class='ocrx_word' id='word_1_236' title='bbox 963 4330 1064 4405; x_wconf 90' lang='lat' dir='ltr'><strong>gentes</strong></span> <span class='ocrx_word' id='word_1_237' title='bbox 1094 4319 1125 4379; x_wconf 91' lang='lat' dir='ltr'><strong>in</strong></span> <span class='ocrx_word' id='word_1_238' title='bbox 1152 4313 1274 4394; x_wconf 85' lang='lat' dir='ltr'><strong>Arabia,</strong></span> 
     </span>
    </p>
   </div>
   <div class='ocr_carea' id='block_1_5' title="bbox 152 4441 1277 4617">
    <p class='ocr_par' dir='ltr' id='par_1_5' title="bbox 152 4441 1277 4617">
     <span class='ocr_line' id='line_1_32' title="bbox 152 4441 1277 4534; baseline -0.002 -26"><span class='ocrx_word' id='word_1_239' title='bbox 152 4444 304 4522; x_wconf 88' lang='lat' dir='ltr'><strong>Idumaea,</strong></span> <span class='ocrx_word' id='word_1_240' title='bbox 330 4457 359 4509; x_wconf 95' lang='lat' dir='ltr'><strong>et</strong></span> <span class='ocrx_word' id='word_1_241' title='bbox 380 4445 548 4512; x_wconf 90' lang='lat' dir='ltr'><strong>Palaestina</strong></span> <span class='ocrx_word' id='word_1_242' title='bbox 572 4448 716 4534; x_wconf 87' lang='lat' dir='ltr'><strong>originem</strong></span> <span class='ocrx_word' id='word_1_243' title='bbox 740 4466 824 4509; x_wconf 88' lang='lat' dir='ltr'><strong>suam</strong></span> <span class='ocrx_word' id='word_1_244' title='bbox 846 4455 1011 4508; x_wconf 85' lang='lat' dir='ltr'><strong>traxerunt.</strong></span> <span class='ocrx_word' id='word_1_245' title='bbox 1056 4441 1157 4528; x_wconf 87' lang='lat' dir='ltr'><strong>Atque</strong></span> <span class='ocrx_word' id='word_1_246' title='bbox 1179 4442 1277 4508; x_wconf 87' lang='lat' dir='ltr'><strong>Abra-</strong></span> 
     </span>
     <span class='ocr_line' id='line_1_33' title="bbox 319 4561 1063 4617; baseline -0.001 -46"><span class='ocrx_word' id='word_1_247' title='bbox 319 4565 328 4571; x_wconf 92' lang='lat'><em>.</em></span> <span class='ocrx_word' id='word_1_248' title='bbox 1024 4561 1063 4617; x_wconf 65' lang='lat'><strong>3,</strong></span> 
     </span>
    </p>
   </div>
   <div class='ocr_carea' id='block_1_6' title="bbox 0 0 1580 5160">
    <p class='ocr_par' dir='ltr' id='par_1_6' title="bbox 0 0 1580 5160">
     <span class='ocr_line' id='line_1_34' title="bbox 0 0 1580 5160; baseline 0 0"><span class='ocrx_word' id='word_1_249' title='bbox 0 0 1580 5160; x_wconf 95' lang='lat' dir='ltr'><strong> </strong></span> 
     </span>
    </p>
   </div>
  </div>
 </body>
</html>
