3172 5186
749 367 958 480 Q

295 584 444 656 homincs,
473 580 718 666 conscripserant.
756 576 844 642 Alius
868 575 972 672 scriba,
996 575 1178 664 aliquamdiu
1199 591 1315 665 postea,
1340 600 1417 666 qua-

295 705 431 792 draginta
450 702 595 778 Psalmos,
619 704 696 768 iuter
718 723 795 790 quos
818 715 863 766 est
885 702 1019 768 Psalmus
1035 700 1255 781 XVlIl„variis
1277 701 1415 769 lontibus

295 828 454 905 derivatos,
477 831 509 894 in
531 830 750 915 unum'cerpus
766 831 957 905 coacervavit,
983 825 1102 915 quibus,
1126 826 1318 915 praelationis
1334 829 1413 907 loco,

293 953 443 1019 Psalmum
457 956 585 1040 primum
599 952 746 1040 praefixit,
770 975 831 1040 qrro
848 952 1026 1041 significaret
1047 965 1190 1041 quantum
1205 956 1323 1019 intersit
1336 955 1417 1018 inter

293 1083 376 1168 pium
398 1077 454 1142 Dei
483 1077 640 1155 cultorem,
671 1080 722 1165 qui
751 1077 798 1142 his
820 1076 945 1142 Psalmis
968 1099 1079 1142 usurus
1103 1091 1195 1156 esset,
1225 1090 1255 1143 ct
1276 1079 1414 1143 homines

294 1203 352 1269 lide
366 1225 436 1268 vera
452 1201 621 1268 destitutos.
643 1200 683 1267 Et
698 1224 791 1290 quum
803 1215 931 1291 utraque
945 1204 1131 1269 Psalmorum
1147 1203 1281 1270 collectio
1297 1225 1416 1268 summa

294 1331 467 1394 auctoritate
490 1330 617 1414 vigeret,
646 1329 689 1415 pii
717 1327 872 1414 cujusdam
900 1331 987 1416 regis,
1016 1365 1052 1378 -
1078 1328 1249 1416 dosaphati,
1279 1326 1413 1406 Hislriae,

294 1454 341 1520 vel
362 1453 472 1530 Josiae,
492 1489 528 1501 -
548 1452 715 1519 sacerdotes
738 1465 768 1518 ct
788 1453 952 1540 prophetae
975 1453 1050 1518 nihil
1076 1455 1228 1540 antiquius
1250 1451 1413 1532 habebant,

294 1601 382 1668 quam
405 1591 440 1643 ut
462 1575 562 1642 ambas
585 1578 772 1666 anthologias
796 1581 828 1643 in
844 1600 937 1642 unum
953 1579 1092 1642 volumen
1108 1578 1305 1643 conciliarent.
1333 1577 1415 1644 Hinc

292 1703 439 1793 profluxit
459 1706 587 1791 primum
602 1702 788 1767 Psalmorum
812 1715 976 1791 syntagma,
994 1684 1123 1768 ¹Ilavidis
1146 1706 1265 1768 nomine
1287 1706 1414 1792 insigni·

292 1842 366 1894 tum.
407 1827 465 1894 Cui
493 1841 600 1916 postea
620 1840 681 1892 tres
704 1827 776 1892 aliae
799 1827 1002 1906 collectiones,
1030 1832 1061 1892 iu
1083 1828 1217 1893 Psalmos
1241 1826 1411 1906 LXXXIX,

294 1951 370 2030 cvl,
395 1950 444 2018 CL
458 1953 602 2030 linientes,
627 1954 716 2016 variis
739 1966 811 2040 post
832 1953 969 2018 exsilium
983 1951 1167 2041 temporibus
1184 1951 1314 2040 adjectae
1329 1965 1411 2031 sunt,

294 2077 387 2142 donce
413 2075 488 2140 illud
516 2078 694 2164 hymnorum
722 2099 831 2164 corpus
855 2077 1014 2144 conflatum
1037 2092 1127 2156 esset,
1157 2099 1218 2166 quo
1241 2081 1284 2167 pii
1307 2099 1412 2144 omncs

293 2205 380 2269 etima
402 2215 473 2291 post
496 2200 608 2266 Christi
630 2202 789 2268 adventum
813 2216 975 2269 uterentur.

381 2327 421 2394 Ut
443 2328 543 2392 videas
566 2327 815 2415 quemadmodum
838 2329 910 2393 hacc
933 2331 1116 2416 conjecture,
1134 2313 1257 2394 ¹scilicet
1283 2328 1412 2394 eundem

291 2455 479 2545 prophetam,
502 2450 668 2520 Nathanem
691 2452 767 2532 dico,
792 2456 843 2541 qui
858 2453 1055 2519 Jasharanum
1072 2452 1180 2519 librum
1196 2457 1322 2532 consuit,
1348 2453 1411 2519 edi-

292 2579 370 2646 disse
399 2583 484 2644 etiam
513 2563 683 2643 Dauidicam
712 2578 882 2657 historiam,
914 2591 943 2644 et
971 2583 1200 2644 vetustissimam
1222 2579 1410 2646 Psalmorum

292 2705 506 2782 collectionem,
537 2707 569 2768 iu
596 2708 684 2769 tertio
713 2716 812 2769 autem
835 2705 980 2792 opusculo
1004 2703 1174 2769 adhibuisse
1197 2727 1231 2769 ea
1253 2704 1410 2771 Jasharani

290 2829 359 2894 libri
381 2834 509 2896 carmina
531 2828 570 2894 ad
591 2851 679 2894 suum
701 2842 817 2917 tempus
840 2834 1011 2917 spectantia,
1036 2851 1111 2918 quae
1133 2830 1310 2895 insecundo
1335 2835 1410 2896 omi·

291 2957 387 3030 sisset,
412 2967 446 3018 ut
467 2953 577 3031 videas,
602 2957 731 3042 inquam,
756 2954 1003 3042 quemadmodum
1025 2956 1098 3020 haec
1121 2957 1291 3041 conjectura
1309 2959 1409 3020 omnia

291 3077 426 3164 explicet,
451 3100 525 3165 quae
549 3079 631 3143 aliter
653 3079 869 3166 inexplicabilia
892 3093 998 3159 essent,
1020 3084 1111 3146 trium
1128 3079 1273 3147 librorum
1287 3080 1408 3147 brevem

291 3215 480 3289 conspectum
503 3200 673 3289 subjiciam:

649 3323 691 3408 (a)
719 3327 817 3395 Liber
838 3328 1042 3396 Jccltcrnncs.

291 3448 327 3535 (Ι)
358 3449 527 3530 183ιη.Π,
554 3451 684 3518 1—10.
736 3449 785 3535 (Π)
816 3453 977 3533 2Sam.l,
1005 3453 1161 3533 19-273
1190 3455 1241 3533 Ill,
1267 3453 1325 3533 33,
1351 3454 1405 3522 34.

362 3572 422 3660 (ΙΙΙ)
452 3577 678 3644 asamxxtl.
726 3574 791 3661 (IV)
821 3578 871 3643 Ps.
896 3579 960 3644 LX.
1006 3576 1060 3662 (V)
1091 3579 1208 3645 2Sam.
1231 3580 1338 3646 XXlll.

540 3699 605 3787 (Vl)
633 3703 683 3768 Ps.
707 3702 801 3768 XLV.
848 3700 926 3787 (Vll)
954 3704 1004 3768 Ps.
1030 3705 1158 3770 LXVIll.

645 3824 690 3910 (b)
719 3825 860 3893 Historia
881 3829 1048 3896 Dauidica.

289 3947 325 4035 (Ι)
448 3948 496 4036 (11)
620 3947 680 4034 (ΠΙ)
961 3950 1014 4036 (Vl

507 4072 548 4160 (c)
583 4075 790 4142 Vetustissimos
811 4078 1008 4143 Pschaomm
1032 4078 1181 4144 Collectio.

784 4198 849 4286 (lv)
1133 4199 1199 4287 (Vl)
1326 4201 1404 4288 (vlt)

380 4323 483 4414 Neque
518 4327 601 4392 aliter
633 4327 793 4418 intelligere
825 4349 986 4418 possumus
1022 4329 1214 4417 quamobrem
1249 4327 1404 4396 Canticum

286 4449 369 4530 illud,
392 4465 428 4519 ut
450 4466 583 4533 vocatur,
607 4453 738 4533 Hannae,
762 4467 793 4521 et
806 4477 931 4535 carmen,
956 4455 1040 4544 quod
1057 4456 1160 4523 ultima
1174 4455 1298 4523 Davidis
1312 4453 1413 4523 verba,
