3172 5186
843 322 920 456 scs

323 593 506 685 platicdibns
521 608 624 683 raptus
648 608 714 660 ante
738 617 837 660 casum
860 617 956 672 snum,
973 593 1024 660 sed
1047 592 1235 658 sensualitate
1257 589 1345 656 semel
1366 589 1438 655 sub-

324 743 420 786 merso
444 721 533 786 clausi
557 733 627 786 sunt
649 723 675 785 ei
698 723 795 786 statim
820 720 897 796 oculi
921 719 1096 808 spirituales,
1122 710 1249 806 atqne²)
1272 715 1349 782 oculi
1373 715 1437 803 ejus

324 845 492 932 corporales
514 843 635 911 luerunt
661 849 770 933 aperti,
801 845 879 910 uude
902 847 1031 932 percepit
1053 865 1084 908 se
1107 842 1220 908 nudum
1242 861 1306 907 esse
1329 852 1359 906 et
1379 861 1438 927 pn·

324 968 412 1034 debat
440 992 505 1035 cum
535 969 676 1036 nuditatis
705 975 751 1036 sui
775 972 924 1058 corporis,
949 991 1037 1058 qnam
1066 981 1133 1034 ante
1162 991 1223 1032 nou
1252 965 1435 1054 respiciebat.

323 1092 383 1160 Sed
406 1108 440 1160 nt
462 1093 711 1161 manifestioribus
740 1095 837 1160 adhue
859 1098 1038 1184 argumentis
1067 1105 1096 1158 et
1118 1095 1343 1158 circumstantiis
1366 1113 1438 1156 con·

321 1217 469 1285 firmemus
493 1221 571 1285 hunc
585 1218 692 1286 Adami
716 1221 831 1307 lapsum
855 1245 871 1285 a
893 1221 1022 1286 mulieris
1046 1221 1217 1307 cognitione¹
1237 1230 1266 1282 et
1288 1217 1435 1304 corporali

323 1367 421 1410 amore
451 1348 591 1434 originem
620 1368 702 1410 suam
731 1349 906 1432 sumpsisse,
931 1345 1064 1434 quinque
1091 1347 1122 1408 in
1150 1342 1259 1408 directa
1285 1364 1435 1408 sacrarum

322 1469 498 1536 Litterarum
536 1474 609 1535 serie
643 1471 796 1560 diligenter
830 1493 847 1534 a
875 1469 960 1535 vobis
988 1469 1179 1558 ponderanda
1209 1491 1272 1534 esse
1300 1468 1435 1532 velimus.

323 1593 457 1680 Quorum
476 1597 615 1683 primm
631 1609 701 1674 crat,
718 1596 800 1684 quod
821 1593 903 1660 Deus
920 1595 1022 1661 videns
1044 1618 1106 1661 noo
1130 1616 1193 1660 esse
1214 1593 1336 1671 bonum,
1353 1591 1436 1681 qnod

322 1720 412 1785 bomo
436 1734 565 1786 maneret
587 1722 678 1797 solus,
703 1719 770 1786 lecit
792 1723 817 1785 ei
841 1718 1022 1806 adjutorium
1045 1724 1070 1785 ei
1099 1721 1200 1797 simile,
1224 1741 1285 1784 non
1308 1731 1342 1784 nt
1365 1739 1436 1782 con·

322 1849 501 1933 cupiscentia
523 1846 640 1922 carnali,
658 1865 732 1934 quae
755 1858 800 1910 est
822 1845 923 1910 mnndi
948 1846 1095 1933 voluptas,
1117 1845 1280 1910 afficeretur
1302 1865 1369 1908 cum
1391 1865 1433 1915 ea.

322 1970 373 2035 sed
398 1984 433 2036 ut
455 1983 531 2036 esset
553 1970 734 2058 adjutorium
757 1973 783 2034 ci
808 1983 838 2035 et
860 1992 958 2035 comcs
981 1973 1011 2035 in
1034 1975 1096 2036 vita
1121 1993 1175 2036 sna
1199 1968 1434 2056 contemplativa.

324 2093 508 2178 Secundum,
533 2095 613 2182 quod
637 2108 708 2182 post
729 2095 837 2160 sactum
860 2094 1085 2173 inobedientiae,
1110 2095 1186 2161 oculi
1209 2094 1272 2181 ejus
1294 2092 1433 2158 mundani

322 2241 387 2285 cnm
411 2221 466 2284 illis
488 2219 568 2284 Evae
591 2223 683 2308 aperti
707 2218 824 2297 inerint,
849 2233 878 2286 et
900 2225 964 2308 ipse
986 2243 1046 2285 una
1069 2241 1134 2286 cnm
1154 2221 1217 2284 llra
1241 2220 1435 2306 cognoverint

321 2367 353 2408 se
375 2344 472 2410 nudos
496 2367 568 2420 esse,
593 2345 650 2409 boc
673 2358 727 2422 est,
744 2344 826 2432 quod
849 2345 996 2434 pudenda,
1021 2368 1072 2411 sen
1097 2359 1194 2433 partes
1216 2365 1317 2409 corum
1340 2363 1434 2408 secre-

320 2471 421 2546 tiores,
439 2469 567 2534 detectae
589 2482 619 2534 et
640 2469 808 2536 manifestae
832 2484 938 2536 essent
967 2469 1041 2536 Nam
1066 2473 1242 2536 conscientia
1259 2469 1364 2534 doctos
1382 2489 1434 2534 eos

320 2593 453 2682 pudebat
475 2617 594 2660 suarum
619 2599 745 2683 partium
770 2600 952 2685 peccantium
974 2595 1187 2684 patefactionis,
1212 2593 1320 2682 quibus
1337 2593 1433 2659 aDco

321 2741 376 2784 suo
400 2719 527 2784 Domino
552 2717 729 2785 deiecerunt.
775 2721 850 2796 Hinc
879 2721 965 2787 credo
994 2722 1042 2797 lit,
1067 2721 1148 2809 quod
1176 2742 1269 2809 usque
1294 2720 1433 2785 adhunc

320 2844 406 2921 diem,
430 2844 509 2932 apud
534 2867 634 2910 omnes
657 2859 769 2933 gentes,
793 2859 852 2912 tam
876 2847 973 2912 civiles
991 2868 1078 2936 quam
1101 2844 1251 2922 barbaras,
1276 2849 1432 2910 instinctus

320 2982 442 3034 naturae
471 2983 559 3057 atquc
593 2970 693 3056 pudor
722 2974 890 3060 incognitus
919 2970 1006 3037 iaciat
1034 2972 1167 3037 homines
1202 2969 1331 3036 membra
1361 2971 1434 3035 baec

320 3106 439 3170 secreta,
464 3107 521 3158 tam
547 3094 641 3158 virilia
664 3115 751 3182 mam
772 3096 932 3173 muliebria,
957 3109 1053 3185 tegere
1069 3109 1158 3185 atque
1175 3096 1388 3173 occultare,·ac
1404 3097 1430 3159 si

318 3220 404 3304 primi
428 3241 528 3283 eorum
553 3231 698 3305 parentes,
721 3225 831 3308 peceati
856 3222 1029 3288 verecundia
1046 3234 1134 3310 atque
1151 3221 1359 3296 admonitione,
1375 3219 1430 3285 Dei

319 3341 470 3408 voluntate
502 3344 560 3408 hoc
589 3343 733 3410 iecissent.
776 3347 912 3412 Tertieam
944 3371 981 3413 ex
1010 3344 1262 3412 maledictionibus
1291 3346 1429 3432 serpenti,

318 3468 440 3545 mulieri,
465 3483 494 3533 ct
517 3469 631 3534 Adamc
656 3470 756 3535 ellusis
778 3470 816 3535 ab
840 3495 891 3537 ore
915 3472 1048 3548 Domini,
1072 3495 1147 3560 quae
1170 3493 1284 3558 semper
1306 3469 1344 3534 ad
1366 3471 1429 3534 loca

316 3597 466 3682 peccantia
489 3594 657 3659 relationem
681 3595 858 3661 habuerunt.
897 3597 1066 3664 Maledictio
1091 3618 1160 3686 ergo
1186 3600 1313 3684 serpenti
1335 3600 1432 3684 impo-

317 3724 374 3784 sita
397 3731 459 3784 erat
481 3720 556 3783 talis.
586 3714 869 3810 Ponum²),⁴inquit
884 3722 1007 3799 lehova,
1031 3723 1207 3787 inimicitiae
1228 3723 1308 3788 inter·
1329 3743 1431 3786 emnem

317 3854 403 3908 murt
426 3855 455 3908 et
467 3867 569 3910 eernere
582 3845 737 3930 vulteum
759 3847 826 3935 ipse
841 3859 974 3913 conteret
988 3858 1082 3935 caput
1095 3858 1180 3912 tumn
1196 3859 1251 3913 etc.
1280 3845 1336 3911 llic
1358 3867 1429 3934 ergo

317 3969 502 4034 manifestum
533 3983 591 4048 est,
620 3970 701 4058 quod
730 3976 873 4060 serpentis
903 3973 1067 4038 maledictio
1087 3993 1129 4036 ex
1156 3985 1242 4037 utero
1266 3985 1295 4036 et
1321 3974 1429 4037 semine

316 4096 445 4162 mulieris
469 4094 572 4160 debeat
595 4095 703 4184 egredi,
727 4110 865 4186 tanquam
890 4119 926 4162 ex
949 4099 1015 4162 loco
1037 4109 1184 4184 peccante,
1204 4100 1342 4185 quoniam
1365 4099 1428 4184 ipse

314 4219 371 4286 snit
394 4224 529 4287 inventor
550 4225 715 4309 gravissimi
745 4222 873 4287 hominis
902 4227 1013 4312 peccati
1036 4235 1065 4288 et
1092 4222 1257 4312 productor
1278 4221 1428 4287 homicidii

313 4348 423 4434 prioris
446 4350 475 4412 in
499 4347 557 4412 hoc
580 4347 706 4428 mundo,
730 4347 893 4414 maledictio
918 4363 1015 4416 autem
1038 4350 1151 4414 mulieri
1175 4348 1341 4437 infligenda,
1366 4359 1430 4412 erat

341 4573 344 4580 .
385 4538 407 4604 ¹)
425 4538 537 4592 emur.
558 4567 590 4580 -
609 4539 631 4608 ¹)
649 4540 707 4594 rnre.
