<?xml version="1.0" encoding="UTF-8"?>
<!DOCTYPE html PUBLIC "-//W3C//DTD XHTML 1.0 Transitional//EN"
    "http://www.w3.org/TR/xhtml1/DTD/xhtml1-transitional.dtd">
<html xmlns="http://www.w3.org/1999/xhtml" xml:lang="en" lang="en">
 <head>
  <title>
</title>
<meta http-equiv="Content-Type" content="text/html;charset=utf-8" />
  <meta name='ocr-system' content='tesseract 3.04.00' />
  <meta name='ocr-capabilities' content='ocr_page ocr_carea ocr_par ocr_line ocrx_word'/>
</head>
<body>
  <div class='ocr_page' id='page_1' title='image "./jasharfragmenta00donagoog_0255.png"; bbox 0 0 3160 5170; ppageno 0'>
   <div class='ocr_carea' id='block_1_1' title="bbox 814 327 891 400">
    <p class='ocr_par' dir='ltr' id='par_1_1' title="bbox 814 327 891 400">
     <span class='ocr_line' id='line_1_1' title="bbox 814 327 891 400; baseline -0.026 0"><span class='ocrx_word' id='word_1_1' title='bbox 814 327 891 400; x_wconf 78' lang='lat'><strong>218</strong></span> 
     </span>
    </p>
   </div>
   <div class='ocr_carea' id='block_1_2' title="bbox 453 540 1251 942">
    <p class='ocr_par' dir='ltr' id='par_1_2' title="bbox 455 540 912 616">
     <span class='ocr_line' id='line_1_2' title="bbox 455 540 912 616; baseline 0.018 -24"><span class='ocrx_word' id='word_1_2' title='bbox 455 569 467 592; x_wconf 63' lang='lat'><em>2</em></span> <span class='ocrx_word' id='word_1_3' title='bbox 476 540 564 606; x_wconf 81' lang='lat' dir='ltr'><strong>Quare</strong></span> <span class='ocrx_word' id='word_1_4' title='bbox 580 550 675 616; x_wconf 81' lang='lat' dir='ltr'><strong>gentes</strong></span> <span class='ocrx_word' id='word_1_5' title='bbox 690 543 912 600; x_wconf 65' lang='lat' dir='ltr'><strong>tumultuantur?</strong></span> 
     </span>
    </p>

    <p class='ocr_par' dir='ltr' id='par_1_3' title="bbox 454 649 897 707">
     <span class='ocr_line' id='line_1_3' title="bbox 454 649 897 707; baseline 0.005 -2"><span class='ocrx_word' id='word_1_6' title='bbox 454 649 491 705; x_wconf 82' lang='lat' dir='ltr'><strong>Et</strong></span> <span class='ocrx_word' id='word_1_7' title='bbox 505 651 629 706; x_wconf 89' lang='lat' dir='ltr'><strong>nationes</strong></span> <span class='ocrx_word' id='word_1_8' title='bbox 646 659 772 706; x_wconf 87' lang='lat' dir='ltr'><strong>aestuant</strong></span> <span class='ocrx_word' id='word_1_9' title='bbox 786 651 897 707; x_wconf 75' lang='lat' dir='ltr'><strong>Inania?</strong></span> 
     </span>
    </p>

    <p class='ocr_par' dir='ltr' id='par_1_4' title="bbox 453 756 1251 942">
     <span class='ocr_line' id='line_1_4' title="bbox 456 756 1196 836; baseline -0.001 -22"><span class='ocrx_word' id='word_1_10' title='bbox 456 756 620 831; x_wconf 87' lang='lat' dir='ltr'><strong>Conspirant</strong></span> <span class='ocrx_word' id='word_1_11' title='bbox 634 775 712 831; x_wconf 84' lang='lat' dir='ltr'><strong>reges</strong></span> <span class='ocrx_word' id='word_1_12' title='bbox 728 767 816 814; x_wconf 90' lang='lat' dir='ltr'><strong>terrae</strong></span> <span class='ocrx_word' id='word_1_13' title='bbox 833 769 860 814; x_wconf 92' lang='lat' dir='ltr'><strong>et</strong></span> <span class='ocrx_word' id='word_1_14' title='bbox 873 760 1011 836; x_wconf 80' lang='lat' dir='ltr'><strong>principes</strong></span> <span class='ocrx_word' id='word_1_15' title='bbox 1028 758 1196 816; x_wconf 89' lang='lat' dir='ltr'><strong>conveniunt</strong></span> 
     </span>
     <span class='ocr_line' id='line_1_5' title="bbox 453 863 1251 942; baseline 0 -22"><span class='ocrx_word' id='word_1_16' title='bbox 453 863 595 920; x_wconf 88' lang='lat' dir='ltr'><strong>Adversus</strong></span> <span class='ocrx_word' id='word_1_17' title='bbox 610 864 745 922; x_wconf 89' lang='lat' dir='ltr'><strong>Jehovam</strong></span> <span class='ocrx_word' id='word_1_18' title='bbox 761 883 878 941; x_wconf 89' lang='lat' dir='ltr'><strong>eumque</strong></span> <span class='ocrx_word' id='word_1_19' title='bbox 895 885 977 942; x_wconf 86' lang='lat' dir='ltr'><strong>quem</strong></span> <span class='ocrx_word' id='word_1_20' title='bbox 991 866 1098 923; x_wconf 87' lang='lat' dir='ltr'><strong>Jehova</strong></span> <span class='ocrx_word' id='word_1_21' title='bbox 1113 867 1251 934; x_wconf 74' lang='lat' dir='ltr'><strong>inunxit.-</strong></span> 
     </span>
    </p>
   </div>
   <div class='ocr_carea' id='block_1_3' title="bbox 293 1038 1486 1893">
    <p class='ocr_par' dir='ltr' id='par_1_5' title="bbox 293 1038 1486 1893">
     <span class='ocr_line' id='line_1_6' title="bbox 294 1038 1412 1127; baseline 0 -23"><span class='ocrx_word' id='word_1_22' title='bbox 294 1038 334 1104; x_wconf 85' lang='lat' dir='ltr'><strong>Et</strong></span> <span class='ocrx_word' id='word_1_23' title='bbox 356 1043 385 1103; x_wconf 91' lang='lat' dir='ltr'><strong>in</strong></span> <span class='ocrx_word' id='word_1_24' title='bbox 400 1038 519 1102; x_wconf 86' lang='lat' dir='ltr'><strong>Psalmo</strong></span> <span class='ocrx_word' id='word_1_25' title='bbox 542 1043 735 1126; x_wconf 84' lang='lat' dir='ltr'><strong>sexagesimo,</strong></span> <span class='ocrx_word' id='word_1_26' title='bbox 761 1045 812 1127; x_wconf 89' lang='lat' dir='ltr'><strong>qui</strong></span> <span class='ocrx_word' id='word_1_27' title='bbox 828 1041 866 1104; x_wconf 91' lang='lat' dir='ltr'><strong>ad</strong></span> <span class='ocrx_word' id='word_1_28' title='bbox 880 1041 1033 1106; x_wconf 82' lang='lat' dir='ltr'><strong>Idumaeae</strong></span> <span class='ocrx_word' id='word_1_29' title='bbox 1050 1039 1271 1104; x_wconf 80' lang='lat' dir='ltr'><strong>debellationem</strong></span> <span class='ocrx_word' id='word_1_30' title='bbox 1289 1053 1412 1126; x_wconf 86' lang='lat' dir='ltr'><strong>spectat,</strong></span> 
     </span>
     <span class='ocr_line' id='line_1_7' title="bbox 294 1163 1414 1252; baseline 0 -24"><span class='ocrx_word' id='word_1_31' title='bbox 294 1165 343 1228; x_wconf 89' lang='lat' dir='ltr'><strong>illa</strong></span> <span class='ocrx_word' id='word_1_32' title='bbox 372 1168 437 1251; x_wconf 90' lang='lat' dir='ltr'><strong>ipsa</strong></span> <span class='ocrx_word' id='word_1_33' title='bbox 459 1187 563 1228; x_wconf 89' lang='lat' dir='ltr'><strong>versus</strong></span> <span class='ocrx_word' id='word_1_34' title='bbox 583 1163 623 1228; x_wconf 89' lang='grc'><strong>18</strong></span> <span class='ocrx_word' id='word_1_35' title='bbox 650 1164 777 1230; x_wconf 88' lang='lat' dir='ltr'><strong>formula</strong></span> <span class='ocrx_word' id='word_1_36' title='bbox 801 1171 944 1244; x_wconf 90' lang='lat' dir='ltr'><strong>occurrit;</strong></span> <span class='ocrx_word' id='word_1_37' title='bbox 972 1189 1039 1230; x_wconf 87' lang='lat' dir='ltr'><strong>nem</strong></span> <span class='ocrx_word' id='word_1_38' title='bbox 1064 1165 1147 1252; x_wconf 89' lang='lat' dir='ltr'><strong>quod</strong></span> <span class='ocrx_word' id='word_1_39' title='bbox 1170 1166 1217 1228; x_wconf 89' lang='lat' dir='ltr'><strong>hic</strong></span> <span class='ocrx_word' id='word_1_40' title='bbox 1241 1164 1275 1228; x_wconf 92' lang='lat' dir='ltr'><strong>de</strong></span> <span class='ocrx_word' id='word_1_41' title='bbox 1299 1163 1414 1229; x_wconf 82' lang='lat' dir='ltr'><strong>Davide</strong></span> 
     </span>
     <span class='ocr_line' id='line_1_8' title="bbox 293 1285 1486 1377; baseline 0.002 -25"><span class='ocrx_word' id='word_1_42' title='bbox 293 1290 494 1377; x_wconf 89' lang='lat' dir='ltr'><strong>praedicatur,</strong></span> <span class='ocrx_word' id='word_1_43' title='bbox 526 1289 557 1352; x_wconf 81' lang='lat' dir='ltr'><strong>td</strong></span> <span class='ocrx_word' id='word_1_44' title='bbox 579 1289 708 1353; x_wconf 91' lang='lat' dir='ltr'><strong>Davides</strong></span> <span class='ocrx_word' id='word_1_45' title='bbox 739 1289 781 1354; x_wconf 90' lang='lat' dir='ltr'><strong>ibi</strong></span> <span class='ocrx_word' id='word_1_46' title='bbox 805 1290 840 1353; x_wconf 90' lang='lat' dir='ltr'><strong>de</strong></span> <span class='ocrx_word' id='word_1_47' title='bbox 862 1292 1000 1355; x_wconf 83' lang='lat' dir='ltr'><strong>Israelitis</strong></span> <span class='ocrx_word' id='word_1_48' title='bbox 1024 1293 1086 1354; x_wconf 89' lang='lat' dir='ltr'><strong>suis</strong></span> <span class='ocrx_word' id='word_1_49' title='bbox 1109 1289 1261 1376; x_wconf 87' lang='lat' dir='ltr'><strong>praedicat</strong></span> <span class='ocrx_word' id='word_1_50' title='bbox 1282 1285 1324 1371; x_wconf 84' lang='lat' dir='ltr'><strong>(v.</strong></span> <span class='ocrx_word' id='word_1_51' title='bbox 1345 1287 1413 1372; x_wconf 76' lang='lat' dir='ltr'><strong>14l²</strong></span> <span class='ocrx_word' id='word_1_52' title='bbox 1483 1315 1486 1322; x_wconf 60' lang='lat'><strong>⁴</strong></span> 
     </span>
     <span class='ocr_line' id='line_1_9' title="bbox 295 1386 1414 1518; baseline -0.005 -34"><span class='ocrx_word' id='word_1_53' title='bbox 295 1391 488 1518; x_wconf 48' lang='lat' dir='ltr'><strong>&#39;&#39;illyr&#39;lssilll</strong></span> <span class='ocrx_word' id='word_1_54' title='bbox 510 1386 666 1506; x_wconf 49' lang='lat' dir='ltr'><strong>Dlilblijss</strong></span> <span class='ocrx_word' id='word_1_55' title='bbox 691 1415 773 1479; x_wconf 80' lang='lat' dir='ltr'><strong>»Deo</strong></span> <span class='ocrx_word' id='word_1_56' title='bbox 798 1414 956 1502; x_wconf 88' lang='lat' dir='ltr'><strong>adjuvante</strong></span> <span class='ocrx_word' id='word_1_57' title='bbox 974 1415 1090 1479; x_wconf 81' lang='lat' dir='ltr'><strong>fortiter</strong></span> <span class='ocrx_word' id='word_1_58' title='bbox 1107 1437 1168 1478; x_wconf 87' lang='lat' dir='ltr'><strong>rem</strong></span> <span class='ocrx_word' id='word_1_59' title='bbox 1184 1419 1345 1502; x_wconf 72' lang='lat' dir='ltr'><strong>gerimus«</strong></span> <span class='ocrx_word' id='word_1_60' title='bbox 1380 1415 1414 1479; x_wconf 94' lang='lat' dir='ltr'><strong>In</strong></span> 
     </span>
     <span class='ocr_line' id='line_1_10' title="bbox 294 1509 1413 1642; baseline 0 -39"><span class='ocrx_word' id='word_1_61' title='bbox 294 1539 421 1604; x_wconf 87' lang='lat' dir='ltr'><strong>Iormula</strong></span> <span class='ocrx_word' id='word_1_62' title='bbox 444 1509 543 1642; x_wconf 45' lang='lat' dir='ltr'><strong>ligii&lt;</strong></span> <span class='ocrx_word' id='word_1_63' title='bbox 566 1536 665 1632; x_wconf 57' lang='grc' dir='ltr'><strong>Ἴψῳ</strong></span> <span class='ocrx_word' id='word_1_64' title='bbox 682 1534 723 1620; x_wconf 84' lang='grc' dir='ltr'><strong>(ν.</strong></span> <span class='ocrx_word' id='word_1_65' title='bbox 740 1535 792 1616; x_wconf 86' lang='grc'><strong>18)</strong></span> <span class='ocrx_word' id='word_1_66' title='bbox 816 1539 938 1603; x_wconf 85' lang='lat' dir='ltr'><strong>affixum</strong></span> <span class='ocrx_word' id='word_1_67' title='bbox 961 1539 1165 1634; x_wconf 85' lang='lat' dir='ltr'><strong>pronominale</strong></span> <span class='ocrx_word' id='word_1_68' title='bbox 1181 1563 1243 1603; x_wconf 93' lang='lat' dir='ltr'><strong>non</strong></span> <span class='ocrx_word' id='word_1_69' title='bbox 1259 1539 1297 1603; x_wconf 89' lang='lat' dir='ltr'><strong>ad</strong></span> <span class='ocrx_word' id='word_1_70' title='bbox 1313 1534 1413 1632; x_wconf 51' lang='lat' dir='ltr'><strong>&#39;tillidi</strong></span> 
     </span>
     <span class='ocr_line' id='line_1_11' title="bbox 295 1635 1413 1752; baseline -0.001 -23"><span class='ocrx_word' id='word_1_71' title='bbox 295 1679 440 1751; x_wconf 86' lang='lat' dir='ltr'><strong>spectare,</strong></span> <span class='ocrx_word' id='word_1_72' title='bbox 471 1635 523 1727; x_wconf 89' lang='lat' dir='ltr'><strong>sed</strong></span> <span class='ocrx_word' id='word_1_73' title='bbox 546 1663 584 1726; x_wconf 91' lang='lat' dir='ltr'><strong>ad</strong></span> <span class='ocrx_word' id='word_1_74' title='bbox 606 1686 704 1752; x_wconf 84' lang='lat' dir='ltr'><strong>regern</strong></span> <span class='ocrx_word' id='word_1_75' title='bbox 727 1665 809 1728; x_wconf 89' lang='lat' dir='ltr'><strong>illum</strong></span> <span class='ocrx_word' id='word_1_76' title='bbox 830 1665 1043 1742; x_wconf 87' lang='lat' dir='ltr'><strong>Israelitarum,</strong></span> <span class='ocrx_word' id='word_1_77' title='bbox 1068 1665 1173 1729; x_wconf 86' lang='lat' dir='ltr'><strong>suadet</strong></span> <span class='ocrx_word' id='word_1_78' title='bbox 1194 1668 1306 1751; x_wconf 90' lang='lat' dir='ltr'><strong>positio</strong></span> <span class='ocrx_word' id='word_1_79' title='bbox 1330 1667 1413 1729; x_wconf 90' lang='lat' dir='ltr'><strong>vocis</strong></span> 
     </span>
     <span class='ocr_line' id='line_1_12' title="bbox 295 1787 1414 1893; baseline -0.001 -39"><span class='ocrx_word' id='word_1_80' title='bbox 295 1787 405 1893; x_wconf 47' lang='lat' dir='ltr'><strong>Ilipla*</strong></span> <span class='ocrx_word' id='word_1_81' title='bbox 450 1790 483 1854; x_wconf 91' lang='lat' dir='ltr'><strong>ln</strong></span> <span class='ocrx_word' id='word_1_82' title='bbox 513 1789 649 1853; x_wconf 86' lang='lat' dir='ltr'><strong>clausulis</strong></span> <span class='ocrx_word' id='word_1_83' title='bbox 679 1811 755 1875; x_wconf 89' lang='lat' dir='ltr'><strong>quae</strong></span> <span class='ocrx_word' id='word_1_84' title='bbox 785 1802 951 1876; x_wconf 88' lang='lat' dir='ltr'><strong>sequuntur</strong></span> <span class='ocrx_word' id='word_1_85' title='bbox 973 1814 1002 1854; x_wconf 88' lang='lat' dir='ltr'><strong>v.</strong></span> <span class='ocrx_word' id='word_1_86' title='bbox 1023 1787 1062 1854; x_wconf 89' lang='grc'><strong>19</strong></span> <span class='ocrx_word' id='word_1_87' title='bbox 1089 1790 1330 1876; x_wconf 81' lang='lat' dir='ltr'><strong>intercapedines</strong></span> <span class='ocrx_word' id='word_1_88' title='bbox 1345 1811 1414 1854; x_wconf 92' lang='lat' dir='ltr'><strong>nar·</strong></span> 
     </span>
    </p>
   </div>
   <div class='ocr_carea' id='block_1_4' title="bbox 294 1913 1413 2000">
    <p class='ocr_par' dir='ltr' id='par_1_6' title="bbox 294 1913 1413 2000">
     <span class='ocr_line' id='line_1_13' title="bbox 294 1913 1413 2000; baseline -0.003 -21"><span class='ocrx_word' id='word_1_89' title='bbox 294 1919 417 1979; x_wconf 88' lang='lat' dir='ltr'><strong>rationis</strong></span> <span class='ocrx_word' id='word_1_90' title='bbox 448 1917 541 1978; x_wconf 87' lang='lat' dir='ltr'><strong>omisi.</strong></span> <span class='ocrx_word' id='word_1_91' title='bbox 588 1913 627 1977; x_wconf 85' lang='lat' dir='ltr'><strong>Et</strong></span> <span class='ocrx_word' id='word_1_92' title='bbox 654 1917 683 1976; x_wconf 88' lang='lat' dir='ltr'><strong>in</strong></span> <span class='ocrx_word' id='word_1_93' title='bbox 713 1913 770 1976; x_wconf 86' lang='lat' dir='ltr'><strong>fine</strong></span> <span class='ocrx_word' id='word_1_94' title='bbox 799 1917 910 2000; x_wconf 89' lang='lat' dir='ltr'><strong>primae</strong></span> <span class='ocrx_word' id='word_1_95' title='bbox 939 1937 1043 1978; x_wconf 91' lang='lat' dir='ltr'><strong>versus</strong></span> <span class='ocrx_word' id='word_1_96' title='bbox 1068 1913 1107 1978; x_wconf 86' lang='grc'><strong>21</strong></span> <span class='ocrx_word' id='word_1_97' title='bbox 1140 1915 1286 1978; x_wconf 89' lang='lat' dir='ltr'><strong>clausulae</strong></span> <span class='ocrx_word' id='word_1_98' title='bbox 1309 1936 1413 1978; x_wconf 88' lang='lat' dir='ltr'><strong>vocem</strong></span> 
     </span>
    </p>
   </div>
   <div class='ocr_carea' id='block_1_5' title="bbox 294 2038 1413 2141">
    <p class='ocr_par' dir='ltr' id='par_1_7' title="bbox 294 2027 1413 2141">
     <span class='ocr_line' id='line_1_14' title="bbox 294 2038 1413 2141; baseline 0.002 -39"><span class='ocrx_word' id='word_1_99' title='bbox 294 2041 459 2102; x_wconf 82' lang='lat' dir='ltr'><strong>vocativam</strong></span> <span class='ocrx_word' id='word_1_100' title='bbox 489 2045 542 2141; x_wconf 50' lang='lat' dir='ltr'><strong>pp:</strong></span> <span class='ocrx_word' id='word_1_101' title='bbox 568 2038 669 2114; x_wconf 88' lang='lat' dir='ltr'><strong>intuli,</strong></span> <span class='ocrx_word' id='word_1_102' title='bbox 699 2061 761 2101; x_wconf 88' lang='lat' dir='ltr'><strong>non</strong></span> <span class='ocrx_word' id='word_1_103' title='bbox 790 2039 880 2102; x_wconf 89' lang='lat' dir='ltr'><strong>modo</strong></span> <span class='ocrx_word' id='word_1_104' title='bbox 910 2052 944 2103; x_wconf 93' lang='lat' dir='ltr'><strong>ut</strong></span> <span class='ocrx_word' id='word_1_105' title='bbox 974 2039 1173 2103; x_wconf 89' lang='lat' dir='ltr'><strong>membrorum</strong></span> <span class='ocrx_word' id='word_1_106' title='bbox 1198 2039 1413 2124; x_wconf 89' lang='lat' dir='ltr'><strong>parallelismus</strong></span> 
     </span>
    </p>
   </div>
   <div class='ocr_carea' id='block_1_6' title="bbox 216 2162 1417 4508">
    <p class='ocr_par' dir='ltr' id='par_1_8' title="bbox 216 2162 1417 4508">
     <span class='ocr_line' id='line_1_15' title="bbox 285 2162 1413 2270; baseline -0.001 -42"><span class='ocrx_word' id='word_1_107' title='bbox 285 2176 422 2239; x_wconf 84' lang='lat' dir='ltr'><strong>constet,</strong></span> <span class='ocrx_word' id='word_1_108' title='bbox 454 2163 506 2226; x_wconf 91' lang='lat' dir='ltr'><strong>sed</strong></span> <span class='ocrx_word' id='word_1_109' title='bbox 535 2167 620 2227; x_wconf 86' lang='lat' dir='ltr'><strong>etiam</strong></span> <span class='ocrx_word' id='word_1_110' title='bbox 649 2175 684 2226; x_wconf 89' lang='lat' dir='ltr'><strong>ut</strong></span> <span class='ocrx_word' id='word_1_111' title='bbox 710 2167 920 2249; x_wconf 84' lang='lat' dir='ltr'><strong>paronomasia</strong></span> <span class='ocrx_word' id='word_1_112' title='bbox 947 2169 1017 2270; x_wconf 47' lang='lat' dir='ltr'><strong>qt?</strong></span> <span class='ocrx_word' id='word_1_113' title='bbox 1043 2162 1151 2228; x_wconf 89' lang='lat' dir='ltr'><strong>habeat</strong></span> <span class='ocrx_word' id='word_1_114' title='bbox 1174 2185 1235 2250; x_wconf 89' lang='lat' dir='ltr'><strong>quo</strong></span> <span class='ocrx_word' id='word_1_115' title='bbox 1258 2163 1413 2228; x_wconf 81' lang='lat' dir='ltr'><strong>reseratur.</strong></span> 
     </span>
     <span class='ocr_line' id='line_1_16' title="bbox 294 2287 1413 2374; baseline 0.001 -22"><span class='ocrx_word' id='word_1_116' title='bbox 294 2289 538 2352; x_wconf 89' lang='lat' dir='ltr'><strong>Vaticinationem</strong></span> <span class='ocrx_word' id='word_1_117' title='bbox 562 2301 709 2364; x_wconf 89' lang='lat' dir='ltr'><strong>nostram,</strong></span> <span class='ocrx_word' id='word_1_118' title='bbox 735 2288 829 2374; x_wconf 91' lang='lat' dir='ltr'><strong>qualis</strong></span> <span class='ocrx_word' id='word_1_119' title='bbox 854 2291 884 2352; x_wconf 95' lang='lat' dir='ltr'><strong>in</strong></span> <span class='ocrx_word' id='word_1_120' title='bbox 901 2288 976 2353; x_wconf 89' lang='lat' dir='ltr'><strong>libro</strong></span> <span class='ocrx_word' id='word_1_121' title='bbox 994 2289 1157 2353; x_wconf 87' lang='lat' dir='ltr'><strong>lasharano</strong></span> <span class='ocrx_word' id='word_1_122' title='bbox 1175 2287 1252 2352; x_wconf 90' lang='lat' dir='ltr'><strong>edita</strong></span> <span class='ocrx_word' id='word_1_123' title='bbox 1268 2301 1326 2365; x_wconf 91' lang='lat' dir='ltr'><strong>est,</strong></span> <span class='ocrx_word' id='word_1_124' title='bbox 1350 2311 1413 2353; x_wconf 90' lang='lat' dir='ltr'><strong>non</strong></span> 
     </span>
     <span class='ocr_line' id='line_1_17' title="bbox 294 2413 1413 2501; baseline 0 -23"><span class='ocrx_word' id='word_1_125' title='bbox 294 2414 372 2479; x_wconf 89' lang='lat' dir='ltr'><strong>ultra</strong></span> <span class='ocrx_word' id='word_1_126' title='bbox 401 2436 518 2477; x_wconf 89' lang='lat' dir='ltr'><strong>versum</strong></span> <span class='ocrx_word' id='word_1_127' title='bbox 548 2416 718 2476; x_wconf 79' lang='lat' dir='ltr'><strong>vicesImum</strong></span> <span class='ocrx_word' id='word_1_128' title='bbox 747 2413 908 2477; x_wconf 89' lang='lat' dir='ltr'><strong>secundum</strong></span> <span class='ocrx_word' id='word_1_129' title='bbox 936 2413 1111 2501; x_wconf 89' lang='lat' dir='ltr'><strong>procedere,</strong></span> <span class='ocrx_word' id='word_1_130' title='bbox 1146 2435 1232 2500; x_wconf 89' lang='lat' dir='ltr'><strong>quem</strong></span> <span class='ocrx_word' id='word_1_131' title='bbox 1260 2414 1317 2478; x_wconf 92' lang='lat' dir='ltr'><strong>levi</strong></span> <span class='ocrx_word' id='word_1_132' title='bbox 1347 2437 1413 2478; x_wconf 86' lang='lat' dir='ltr'><strong>cor·</strong></span> 
     </span>
     <span class='ocr_line' id='line_1_18' title="bbox 293 2537 1414 2625; baseline -0.001 -22"><span class='ocrx_word' id='word_1_133' title='bbox 293 2543 422 2604; x_wconf 88' lang='lat' dir='ltr'><strong>rectione</strong></span> <span class='ocrx_word' id='word_1_134' title='bbox 447 2538 612 2613; x_wconf 86' lang='lat' dir='ltr'><strong>emendavi,</strong></span> <span class='ocrx_word' id='word_1_135' title='bbox 639 2541 719 2614; x_wconf 87' lang='lat' dir='ltr'><strong>satis,</strong></span> <span class='ocrx_word' id='word_1_136' title='bbox 744 2550 779 2601; x_wconf 92' lang='lat' dir='ltr'><strong>ut</strong></span> <span class='ocrx_word' id='word_1_137' title='bbox 801 2539 872 2601; x_wconf 80' lang='lat' dir='ltr'><strong>inihi</strong></span> <span class='ocrx_word' id='word_1_138' title='bbox 896 2539 1015 2625; x_wconf 89' lang='lat' dir='ltr'><strong>quidem</strong></span> <span class='ocrx_word' id='word_1_139' title='bbox 1030 2537 1157 2616; x_wconf 90' lang='lat' dir='ltr'><strong>videtur,</strong></span> <span class='ocrx_word' id='word_1_140' title='bbox 1182 2539 1236 2601; x_wconf 89' lang='lat' dir='ltr'><strong>hac</strong></span> <span class='ocrx_word' id='word_1_141' title='bbox 1255 2542 1414 2602; x_wconf 88' lang='lat' dir='ltr'><strong>ratiocina-</strong></span> 
     </span>
     <span class='ocr_line' id='line_1_19' title="bbox 255 2641 1413 2750; baseline 0 -22"><span class='ocrx_word' id='word_1_142' title='bbox 255 2641 257 2648; x_wconf 72' lang='lat'>‚</span> <span class='ocrx_word' id='word_1_143' title='bbox 294 2669 373 2729; x_wconf 90' lang='lat' dir='ltr'><strong>tione</strong></span> <span class='ocrx_word' id='word_1_144' title='bbox 411 2663 546 2728; x_wconf 91' lang='lat' dir='ltr'><strong>concludi</strong></span> <span class='ocrx_word' id='word_1_145' title='bbox 579 2674 690 2748; x_wconf 91' lang='lat' dir='ltr'><strong>potest.</strong></span> <span class='ocrx_word' id='word_1_146' title='bbox 736 2662 916 2747; x_wconf 88' lang='lat' dir='ltr'><strong>Prophetam</strong></span> <span class='ocrx_word' id='word_1_147' title='bbox 949 2664 1050 2728; x_wconf 92' lang='lat' dir='ltr'><strong>divino</strong></span> <span class='ocrx_word' id='word_1_148' title='bbox 1081 2667 1188 2750; x_wconf 91' lang='lat' dir='ltr'><strong>spiritu</strong></span> <span class='ocrx_word' id='word_1_149' title='bbox 1217 2661 1349 2727; x_wconf 88' lang='lat' dir='ltr'><strong>alilatum</strong></span> <span class='ocrx_word' id='word_1_150' title='bbox 1378 2665 1413 2728; x_wconf 89' lang='lat' dir='ltr'><strong>de</strong></span> 
     </span>
     <span class='ocr_line' id='line_1_20' title="bbox 294 2789 1412 2876; baseline 0 -22"><span class='ocrx_word' id='word_1_151' title='bbox 294 2789 382 2854; x_wconf 88' lang='lat' dir='ltr'><strong>rebus</strong></span> <span class='ocrx_word' id='word_1_152' title='bbox 412 2791 500 2875; x_wconf 86' lang='lat' dir='ltr'><strong>longe</strong></span> <span class='ocrx_word' id='word_1_153' title='bbox 527 2800 599 2873; x_wconf 93' lang='lat' dir='ltr'><strong>post</strong></span> <span class='ocrx_word' id='word_1_154' title='bbox 621 2789 754 2850; x_wconf 87' lang='lat' dir='ltr'><strong>venturis</strong></span> <span class='ocrx_word' id='word_1_155' title='bbox 785 2791 925 2874; x_wconf 86' lang='lat' dir='ltr'><strong>augurari</strong></span> <span class='ocrx_word' id='word_1_156' title='bbox 953 2811 1057 2874; x_wconf 88' lang='lat' dir='ltr'><strong>posse,</strong></span> <span class='ocrx_word' id='word_1_157' title='bbox 1086 2792 1204 2853; x_wconf 90' lang='lat' dir='ltr'><strong>minime</strong></span> <span class='ocrx_word' id='word_1_158' title='bbox 1233 2793 1412 2876; x_wconf 85' lang='lat' dir='ltr'><strong>negaverim.</strong></span> 
     </span>
     <span class='ocr_line' id='line_1_21' title="bbox 295 2912 1413 2999; baseline 0 -21"><span class='ocrx_word' id='word_1_159' title='bbox 295 2914 369 2990; x_wconf 89' lang='lat' dir='ltr'><strong>Sed,</strong></span> <span class='ocrx_word' id='word_1_160' title='bbox 394 2918 423 2976; x_wconf 91' lang='lat' dir='ltr'><strong>in</strong></span> <span class='ocrx_word' id='word_1_161' title='bbox 447 2915 559 2999; x_wconf 89' lang='lat' dir='ltr'><strong>primis,</strong></span> <span class='ocrx_word' id='word_1_162' title='bbox 584 2912 655 2974; x_wconf 92' lang='lat' dir='ltr'><strong>haec</strong></span> <span class='ocrx_word' id='word_1_163' title='bbox 677 2934 738 2974; x_wconf 92' lang='lat' dir='ltr'><strong>non</strong></span> <span class='ocrx_word' id='word_1_164' title='bbox 756 2924 801 2975; x_wconf 91' lang='lat' dir='ltr'><strong>est</strong></span> <span class='ocrx_word' id='word_1_165' title='bbox 816 2935 886 2976; x_wconf 88' lang='lat' dir='ltr'><strong>vera</strong></span> <span class='ocrx_word' id='word_1_166' title='bbox 900 2916 1080 2990; x_wconf 79' lang='lat' dir='ltr'><strong>vaticinati0‚</strong></span> <span class='ocrx_word' id='word_1_167' title='bbox 1106 2914 1158 2978; x_wconf 90' lang='lat' dir='ltr'><strong>sed</strong></span> <span class='ocrx_word' id='word_1_168' title='bbox 1173 2918 1413 2978; x_wconf 85' lang='lat' dir='ltr'><strong>commemoratio</strong></span> 
     </span>
     <span class='ocr_line' id='line_1_22' title="bbox 293 3038 1412 3127; baseline 0.002 -25"><span class='ocrx_word' id='word_1_169' title='bbox 293 3061 391 3102; x_wconf 89' lang='lat' dir='ltr'><strong>rerum</strong></span> <span class='ocrx_word' id='word_1_170' title='bbox 421 3049 570 3123; x_wconf 84' lang='lat' dir='ltr'><strong>gestarum</strong></span> <span class='ocrx_word' id='word_1_171' title='bbox 593 3040 716 3122; x_wconf 89' lang='lat' dir='ltr'><strong>antiquo</strong></span> <span class='ocrx_word' id='word_1_172' title='bbox 740 3041 800 3100; x_wconf 89' lang='lat' dir='ltr'><strong>vati</strong></span> <span class='ocrx_word' id='word_1_173' title='bbox 824 3041 939 3124; x_wconf 89' lang='lat' dir='ltr'><strong>poetica</strong></span> <span class='ocrx_word' id='word_1_174' title='bbox 963 3038 1089 3125; x_wconf 89' lang='lat' dir='ltr'><strong>quadam</strong></span> <span class='ocrx_word' id='word_1_175' title='bbox 1112 3040 1229 3104; x_wconf 89' lang='lat' dir='ltr'><strong>lieentia</strong></span> <span class='ocrx_word' id='word_1_176' title='bbox 1253 3043 1412 3127; x_wconf 85' lang='lat' dir='ltr'><strong>assignata.</strong></span> 
     </span>
     <span class='ocr_line' id='line_1_23' title="bbox 293 3161 1415 3248; baseline 0.002 -22"><span class='ocrx_word' id='word_1_177' title='bbox 293 3161 420 3237; x_wconf 88' lang='lat' dir='ltr'><strong>Deinde,</strong></span> <span class='ocrx_word' id='word_1_178' title='bbox 446 3182 537 3247; x_wconf 88' lang='lat' dir='ltr'><strong>quum</strong></span> <span class='ocrx_word' id='word_1_179' title='bbox 560 3161 634 3225; x_wconf 92' lang='lat' dir='ltr'><strong>illud</strong></span> <span class='ocrx_word' id='word_1_180' title='bbox 657 3175 734 3225; x_wconf 88' lang='lat' dir='ltr'><strong>essct</strong></span> <span class='ocrx_word' id='word_1_181' title='bbox 757 3165 910 3248; x_wconf 90' lang='lat' dir='ltr'><strong>scriptoris</strong></span> <span class='ocrx_word' id='word_1_182' title='bbox 934 3165 1104 3241; x_wconf 86' lang='lat' dir='ltr'><strong>eonsilium,</strong></span> <span class='ocrx_word' id='word_1_183' title='bbox 1128 3177 1164 3228; x_wconf 91' lang='lat' dir='ltr'><strong>ut</strong></span> <span class='ocrx_word' id='word_1_184' title='bbox 1185 3163 1299 3228; x_wconf 86' lang='lat' dir='ltr'><strong>beatam</strong></span> <span class='ocrx_word' id='word_1_185' title='bbox 1320 3166 1415 3229; x_wconf 88' lang='lat' dir='ltr'><strong>Israe-</strong></span> 
     </span>
     <span class='ocr_line' id='line_1_24' title="bbox 293 3286 1415 3376; baseline 0.001 -25"><span class='ocrx_word' id='word_1_186' title='bbox 293 3289 410 3352; x_wconf 84' lang='lat' dir='ltr'><strong>litarurn</strong></span> <span class='ocrx_word' id='word_1_187' title='bbox 433 3286 583 3350; x_wconf 87' lang='lat' dir='ltr'><strong>Iortunam</strong></span> <span class='ocrx_word' id='word_1_188' title='bbox 607 3287 797 3374; x_wconf 83' lang='lat' dir='ltr'><strong>significaret,</strong></span> <span class='ocrx_word' id='word_1_189' title='bbox 822 3287 859 3350; x_wconf 90' lang='lat' dir='ltr'><strong>ab</strong></span> <span class='ocrx_word' id='word_1_190' title='bbox 881 3311 912 3351; x_wconf 90' lang='lat' dir='ltr'><strong>re</strong></span> <span class='ocrx_word' id='word_1_191' title='bbox 933 3287 1038 3353; x_wconf 85' lang='lat' dir='ltr'><strong>luisset</strong></span> <span class='ocrx_word' id='word_1_192' title='bbox 1059 3288 1220 3376; x_wconf 90' lang='lat' dir='ltr'><strong>quidquam</strong></span> <span class='ocrx_word' id='word_1_193' title='bbox 1236 3289 1273 3354; x_wconf 92' lang='lat' dir='ltr'><strong>de</strong></span> <span class='ocrx_word' id='word_1_194' title='bbox 1287 3292 1415 3354; x_wconf 88' lang='lat' dir='ltr'><strong>miseriis</strong></span> 
     </span>
     <span class='ocr_line' id='line_1_25' title="bbox 293 3411 1413 3499; baseline 0.002 -23"><span class='ocrx_word' id='word_1_195' title='bbox 293 3417 329 3477; x_wconf 89' lang='lat' dir='ltr'><strong>iis</strong></span> <span class='ocrx_word' id='word_1_196' title='bbox 358 3417 494 3489; x_wconf 90' lang='lat' dir='ltr'><strong>innuere,</strong></span> <span class='ocrx_word' id='word_1_197' title='bbox 531 3434 605 3499; x_wconf 87' lang='lat' dir='ltr'><strong>quas</strong></span> <span class='ocrx_word' id='word_1_198' title='bbox 635 3411 753 3499; x_wconf 87' lang='lat' dir='ltr'><strong>Assyrii</strong></span> <span class='ocrx_word' id='word_1_199' title='bbox 783 3425 812 3476; x_wconf 92' lang='lat' dir='ltr'><strong>et</strong></span> <span class='ocrx_word' id='word_1_200' title='bbox 840 3426 913 3499; x_wconf 93' lang='lat' dir='ltr'><strong>post</strong></span> <span class='ocrx_word' id='word_1_201' title='bbox 940 3413 1084 3498; x_wconf 90' lang='lat' dir='ltr'><strong>Assyrios</strong></span> <span class='ocrx_word' id='word_1_202' title='bbox 1112 3414 1291 3478; x_wconf 90' lang='lat' dir='ltr'><strong>Macedones</strong></span> <span class='ocrx_word' id='word_1_203' title='bbox 1320 3414 1413 3478; x_wconf 87' lang='lat' dir='ltr'><strong>electo</strong></span> 
     </span>
     <span class='ocr_line' id='line_1_26' title="bbox 216 3534 1416 3627; baseline 0.002 -25"><span class='ocrx_word' id='word_1_204' title='bbox 216 3534 219 3540; x_wconf 71' lang='grc'>’</span> <span class='ocrx_word' id='word_1_205' title='bbox 292 3539 406 3627; x_wconf 91' lang='lat' dir='ltr'><strong>populo</strong></span> <span class='ocrx_word' id='word_1_206' title='bbox 440 3538 549 3600; x_wconf 88' lang='lat' dir='ltr'><strong>illaturi</strong></span> <span class='ocrx_word' id='word_1_207' title='bbox 579 3550 669 3601; x_wconf 87' lang='lat' dir='ltr'><strong>erant.</strong></span> <span class='ocrx_word' id='word_1_208' title='bbox 723 3537 873 3624; x_wconf 89' lang='lat' dir='ltr'><strong>Denique,</strong></span> <span class='ocrx_word' id='word_1_209' title='bbox 909 3541 934 3601; x_wconf 91' lang='lat' dir='ltr'><strong>si</strong></span> <span class='ocrx_word' id='word_1_210' title='bbox 963 3552 1052 3624; x_wconf 91' lang='lat' dir='ltr'><strong>poeta</strong></span> <span class='ocrx_word' id='word_1_211' title='bbox 1081 3553 1184 3604; x_wconf 89' lang='lat' dir='ltr'><strong>noster</strong></span> <span class='ocrx_word' id='word_1_212' title='bbox 1211 3540 1257 3604; x_wconf 91' lang='lat' dir='ltr'><strong>vel</strong></span> <span class='ocrx_word' id='word_1_213' title='bbox 1286 3542 1416 3604; x_wconf 84' lang='lat' dir='ltr'><strong>maxime</strong></span> 
     </span>
     <span class='ocr_line' id='line_1_27' title="bbox 292 3662 1413 3752; baseline 0 -24"><span class='ocrx_word' id='word_1_214' title='bbox 292 3666 497 3751; x_wconf 82' lang='lat' dir='ltr'><strong>prospexisset</strong></span> <span class='ocrx_word' id='word_1_215' title='bbox 520 3663 640 3726; x_wconf 88' lang='lat' dir='ltr'><strong>classem</strong></span> <span class='ocrx_word' id='word_1_216' title='bbox 663 3662 741 3725; x_wconf 89' lang='lat' dir='ltr'><strong>illam</strong></span> <span class='ocrx_word' id='word_1_217' title='bbox 757 3662 921 3728; x_wconf 86' lang='lat' dir='ltr'><strong>Alexandri</strong></span> <span class='ocrx_word' id='word_1_218' title='bbox 944 3667 1055 3751; x_wconf 81' lang='lat' dir='ltr'><strong>magni,</strong></span> <span class='ocrx_word' id='word_1_219' title='bbox 1081 3686 1141 3751; x_wconf 90' lang='lat' dir='ltr'><strong>qua</strong></span> <span class='ocrx_word' id='word_1_220' title='bbox 1157 3665 1273 3752; x_wconf 88' lang='lat' dir='ltr'><strong>Tyrum</strong></span> <span class='ocrx_word' id='word_1_221' title='bbox 1294 3662 1413 3728; x_wconf 91' lang='lat' dir='ltr'><strong>obside·</strong></span> 
     </span>
     <span class='ocr_line' id='line_1_28' title="bbox 292 3787 1414 3875; baseline 0.002 -23"><span class='ocrx_word' id='word_1_222' title='bbox 292 3787 358 3865; x_wconf 90' lang='lat' dir='ltr'><strong>bat,</strong></span> <span class='ocrx_word' id='word_1_223' title='bbox 383 3800 508 3875; x_wconf 89' lang='lat' dir='ltr'><strong>putasne</strong></span> <span class='ocrx_word' id='word_1_224' title='bbox 532 3809 598 3850; x_wconf 92' lang='lat' dir='ltr'><strong>eum</strong></span> <span class='ocrx_word' id='word_1_225' title='bbox 620 3808 853 3875; x_wconf 86' lang='lat' dir='ltr'><strong>praeoccupasse</strong></span> <span class='ocrx_word' id='word_1_226' title='bbox 877 3788 1029 3854; x_wconf 85' lang='lat' dir='ltr'><strong>confusam</strong></span> <span class='ocrx_word' id='word_1_227' title='bbox 1045 3790 1122 3852; x_wconf 88' lang='lat' dir='ltr'><strong>illam</strong></span> <span class='ocrx_word' id='word_1_228' title='bbox 1138 3791 1414 3868; x_wconf 87' lang='lat' dir='ltr'><strong>nomenclationem,</strong></span> 
     </span>
     <span class='ocr_line' id='line_1_29' title="bbox 293 3911 1416 4011; baseline 0.004 -35"><span class='ocrx_word' id='word_1_229' title='bbox 293 3936 352 4000; x_wconf 84' lang='lat' dir='ltr'><strong>qua</strong></span> <span class='ocrx_word' id='word_1_230' title='bbox 386 3916 567 4000; x_wconf 88' lang='lat' dir='ltr'><strong>posteriores</strong></span> <span class='ocrx_word' id='word_1_231' title='bbox 597 3912 702 3977; x_wconf 88' lang='lat' dir='ltr'><strong>Judaei</strong></span> <span class='ocrx_word' id='word_1_232' title='bbox 737 3936 754 3976; x_wconf 90' lang='lat' dir='ltr'><strong>a</strong></span> <span class='ocrx_word' id='word_1_233' title='bbox 784 3911 965 4000; x_wconf 83' lang='lat' dir='ltr'><strong>Cypriorum</strong></span> <span class='ocrx_word' id='word_1_234' title='bbox 1000 3914 1201 4002; x_wconf 85' lang='lat' dir='ltr'><strong>designatione</strong></span> <span class='ocrx_word' id='word_1_235' title='bbox 1235 3920 1331 4011; x_wconf 54' lang='lat' dir='ltr'><strong>Ulli?</strong></span> <span class='ocrx_word' id='word_1_236' title='bbox 1366 3917 1416 3980; x_wconf 91' lang='lat' dir='ltr'><strong>vel</strong></span> 
     </span>
     <span class='ocr_line' id='line_1_30' title="bbox 292 4038 1417 4132; baseline 0.004 -31"><span class='ocrx_word' id='word_1_237' title='bbox 292 4043 413 4132; x_wconf 57' lang='grc' dir='ltr'><strong>ῦᾞῇᾎ,</strong></span> <span class='ocrx_word' id='word_1_238' title='bbox 439 4061 514 4125; x_wconf 88' lang='lat' dir='ltr'><strong>quae</strong></span> <span class='ocrx_word' id='word_1_239' title='bbox 532 4039 675 4103; x_wconf 81' lang='lat' dir='ltr'><strong>Citieoses</strong></span> <span class='ocrx_word' id='word_1_240' title='bbox 697 4043 716 4102; x_wconf 92' lang='lat' dir='ltr'><strong>i.</strong></span> <span class='ocrx_word' id='word_1_241' title='bbox 734 4061 758 4101; x_wconf 91' lang='lat' dir='ltr'><strong>e.</strong></span> <span class='ocrx_word' id='word_1_242' title='bbox 777 4038 888 4102; x_wconf 87' lang='lat' dir='ltr'><strong>incolas</strong></span> <span class='ocrx_word' id='word_1_243' title='bbox 906 4038 977 4103; x_wconf 65' lang='lat' dir='ltr'><strong>(batt</strong></span> <span class='ocrx_word' id='word_1_244' title='bbox 996 4042 1028 4102; x_wconf 89' lang='lat' dir='ltr'><strong>in</strong></span> <span class='ocrx_word' id='word_1_245' title='bbox 1050 4040 1148 4103; x_wconf 90' lang='lat' dir='ltr'><strong>insula</strong></span> <span class='ocrx_word' id='word_1_246' title='bbox 1165 4038 1267 4127; x_wconf 87' lang='lat' dir='ltr'><strong>Cypro</strong></span> <span class='ocrx_word' id='word_1_247' title='bbox 1291 4039 1417 4106; x_wconf 89' lang='lat' dir='ltr'><strong>denotat</strong></span> 
     </span>
     <span class='ocr_line' id='line_1_31' title="bbox 294 4160 1416 4246; baseline 0.002 -18"><span class='ocrx_word' id='word_1_248' title='bbox 294 4160 366 4245; x_wconf 79' lang='lat' dir='ltr'><strong>(des.</strong></span> <span class='ocrx_word' id='word_1_249' title='bbox 382 4163 493 4241; x_wconf 85' lang='lat' dir='ltr'>XXIII,</span> <span class='ocrx_word' id='word_1_250' title='bbox 515 4162 565 4229; x_wconf 83' lang='lat'><strong>12.</strong></span> <span class='ocrx_word' id='word_1_251' title='bbox 588 4163 647 4229; x_wconf 84' lang='lat' dir='ltr'><strong>der.</strong></span> <span class='ocrx_word' id='word_1_252' title='bbox 664 4164 704 4240; x_wconf 88' lang='lat' dir='ltr'><strong>H,</strong></span> <span class='ocrx_word' id='word_1_253' title='bbox 725 4161 775 4228; x_wconf 89' lang='lat'><strong>10.</strong></span> <span class='ocrx_word' id='word_1_254' title='bbox 799 4162 852 4226; x_wconf 74' lang='grc' dir='ltr'><strong>ΕΖ.</strong></span> <span class='ocrx_word' id='word_1_255' title='bbox 869 4163 997 4241; x_wconf 89' lang='lat' dir='ltr'>XXVII,</span> <span class='ocrx_word' id='word_1_256' title='bbox 1015 4161 1059 4246; x_wconf 85' lang='lat'><strong>6),</strong></span> <span class='ocrx_word' id='word_1_257' title='bbox 1083 4161 1122 4228; x_wconf 86' lang='lat' dir='ltr'><strong>ad</strong></span> <span class='ocrx_word' id='word_1_258' title='bbox 1136 4164 1344 4230; x_wconf 73' lang='lat' dir='ltr'><strong>Ma-cedones</strong></span> <span class='ocrx_word' id='word_1_259' title='bbox 1367 4166 1416 4230; x_wconf 90' lang='lat' dir='ltr'><strong>vel</strong></span> 
     </span>
     <span class='ocr_line' id='line_1_32' title="bbox 292 4287 1417 4356; baseline 0.004 -4"><span class='ocrx_word' id='word_1_260' title='bbox 292 4289 456 4354; x_wconf 62' lang='lat' dir='ltr'><strong>Madet-os</strong></span> <span class='ocrx_word' id='word_1_261' title='bbox 479 4287 667 4354; x_wconf 83' lang='lat' dir='ltr'><strong>transibant?</strong></span> <span class='ocrx_word' id='word_1_262' title='bbox 692 4287 817 4354; x_wconf 81' lang='lat' dir='ltr'><strong>Constat</strong></span> <span class='ocrx_word' id='word_1_263' title='bbox 840 4292 916 4353; x_wconf 91' lang='lat' dir='ltr'><strong>enim</strong></span> <span class='ocrx_word' id='word_1_264' title='bbox 940 4293 1065 4353; x_wconf 86' lang='lat' dir='ltr'><strong>serlores</strong></span> <span class='ocrx_word' id='word_1_265' title='bbox 1079 4288 1211 4354; x_wconf 90' lang='lat' dir='ltr'><strong>Judaeos</strong></span> <span class='ocrx_word' id='word_1_266' title='bbox 1234 4289 1417 4356; x_wconf 89' lang='lat' dir='ltr'><strong>vocabulum</strong></span> 
     </span>
     <span class='ocr_line' id='line_1_33' title="bbox 293 4413 1417 4508; baseline 0.003 -28"><span class='ocrx_word' id='word_1_267' title='bbox 293 4418 390 4508; x_wconf 56' lang='lat' dir='ltr'><strong>Dllfftss</strong></span> <span class='ocrx_word' id='word_1_268' title='bbox 413 4415 464 4478; x_wconf 83' lang='lat' dir='ltr'><strong>tali</strong></span> <span class='ocrx_word' id='word_1_269' title='bbox 487 4415 699 4503; x_wconf 85' lang='lat' dir='ltr'><strong>significatione</strong></span> <span class='ocrx_word' id='word_1_270' title='bbox 723 4437 892 4504; x_wconf 87' lang='lat' dir='ltr'><strong>usurpasse.</strong></span> <span class='ocrx_word' id='word_1_271' title='bbox 927 4415 970 4480; x_wconf 87' lang='lat' dir='ltr'><strong>Ita</strong></span> <span class='ocrx_word' id='word_1_272' title='bbox 989 4413 1417 4492; x_wconf 73' lang='lat' dir='ltr'><strong>luaecm.1,tnloxaoder</strong></span> 
     </span>
    </p>
   </div>
   <div class='ocr_carea' id='block_1_7' title="bbox 0 0 1586 5170">
    <p class='ocr_par' dir='ltr' id='par_1_9' title="bbox 0 0 1586 5170">
     <span class='ocr_line' id='line_1_34' title="bbox 0 0 1586 5170; baseline 0 0"><span class='ocrx_word' id='word_1_273' title='bbox 0 0 1586 5170; x_wconf 95' lang='lat' dir='ltr'><strong> </strong></span> 
     </span>
    </p>
   </div>
  </div>
 </body>
</html>
