3166 5178
639 333 743 410 ,41

343 541 542 608 Nihilominus
564 542 662 606 mariti
685 542 729 604 tui
752 540 996 608 consuetudinem
1018 542 1116 610 denuo
1140 555 1275 630 oppetes,

343 667 429 752 lsqne
451 669 481 730 in
504 679 533 730 te
556 664 788 730 dominabitur«

158 804 320 862 eceman}
343 790 478 879 Denique
506 790 620 854 bomini
648 789 738 854 dixit:
774 788 943 873 »Quoniam
969 794 1075 856 uxoris
1103 803 1171 856 tuae
1198 789 1277 856 dieto

798 913 940 980 obediens
963 914 1069 992 literis,

341 1038 380 1104 Et
403 1039 438 1104 de
461 1035 567 1104 arbore
591 1037 767 1116 comederis,
792 1041 877 1127 cujus
899 1040 955 1106 tibi
977 1061 1065 1106 usum
1086 1052 1174 1127 atque
1194 1061 1277 1106 esum

798 1164 905 1231 diserte
928 1164 1149 1230 interdixeram:

341 1286 446 1354 Infelix
467 1290 507 1352 sit
529 1300 609 1354 terra
630 1302 754 1377 propter
776 1291 818 1354 tel

301 1482 303 1493 ,
343 1409 419 1478 Cum
443 1411 546 1478 dolore
570 1413 703 1480 comedes
726 1435 765 1479 ex
786 1436 834 1492 ea,
859 1413 1002 1502 quamdiu
1023 1417 1120 1480 vives:

270 1551 319 1608 [cs]
344 1535 467 1622 Spinam
489 1549 520 1601 et
541 1536 684 1602 tribulum
706 1537 761 1602 tibi
783 1537 930 1626 proferet,

342 1660 442 1747 Atque
465 1663 507 1724 ita
530 1657 562 1743 (i.
579 1684 604 1726 e.
628 1662 680 1727 tali
695 1684 762 1728 eum
777 1657 924 1744 molestia)
947 1660 1046 1726 herbis
1062 1665 1126 1749 agri
1141 1666 1276 1728 vesceris.

269 1799 319 1856 tre]
345 1783 420 1851 Cum
444 1786 545 1850 vultus
567 1789 613 1852 tui
635 1786 745 1852 sudore
768 1790 878 1852 vietum
900 1785 956 1851 tibi
979 1785 1179 1873 comparabis,

342 1910 444 1976 Donec
466 1914 497 1976 io
520 1923 644 1988 terram,
667 1933 706 1976 ex
728 1933 788 2000 qua
810 1925 947 2000 sumptus
970 1934 1016 1988 es,
1040 1914 1212 1989 revertaris,

340 2033 416 2100 Nam
438 2035 537 2123 pulvis
560 2058 607 2113 es,
631 2049 720 2124 atque
744 2039 774 2102 io
796 2037 948 2125 pulverem
969 2035 1111 2102 redibis«

269 2174 319 2232 [ει]
344 2160 423 2226 Tum
445 2159 514 2225 lecit
535 2160 650 2226 Jebova
672 2161 755 2226 Deus
776 2162 890 2226 bomini
912 2174 1000 2250 atqrre
1023 2163 1114 2230 emori
1137 2181 1207 2227 suae

341 2285 472 2350 Tunicas
493 2285 643 2372 pelliceas,
669 2299 698 2350 et
720 2289 841 2350 vestivit
863 2308 924 2350 eos.

267 2423 318 2480 [sat
341 2408 417 2476 Dein
431 2409 545 2475 lehova
556 2409 638 2476 Deus
653 2411 769 2497 expulit
783 2410 931 2474 hominem
948 2431 986 2474 ex
1001 2409 1090 2474 horto
1107 2409 1276 2476 deliciarum

340 2534 389 2609 Ad
414 2533 565 2600 colendam
587 2548 693 2600 terram
717 2557 756 2599 ex
778 2555 837 2620 qua
859 2543 996 2620 sumptus
1020 2546 1090 2598 erat.

266 2674 316 2730 {aa}
341 2658 402 2724 Sed
424 2659 550 2746 expulso
573 2659 693 2726 homine
716 2659 872 2723 collocavit
888 2671 955 2723 ante
970 2659 1091 2724 hortum
1107 2657 1275 2724 deliciarum

339 2783 474 2870 Rapidos
498 2796 603 2848 ventos
625 2797 656 2848 et
677 2785 823 2850 flammam
847 2784 992 2849 versatilis
1015 2782 1121 2872 gladii,

341 2905 381 2974 Ut
402 2907 586 2974 custodirent
607 2911 700 2986 viam,
730 2931 806 2996 quae
829 2908 867 2973 ad
890 2907 1026 2975 arborem
1048 2909 1276 2975 immortalitatis

796 3032 944 3098 conducit.

612 3277 822 3288 ..ψῃ-.-

200 3547 617 3636 COMMENTARIUS
649 3548 702 3636 lN
734 3547 858 3635 BINA
889 3546 1233 3636 FRAGMENTA.

248 3899 413 3989 Utrumque
440 3900 635 3989 fragmentum
669 3899 728 3966 lere
758 3900 862 3968 eodem
889 3903 1026 3988 pertinet.
1072 3899 1171 3966 Ambo
1201 3902 1276 3965 enim

156 4025 339 4114 significant,
368 4025 400 4090 id
429 4025 513 4113 quod
534 4024 711 4090 Ecclesiaste
738 4025 897 4092 declaravit
919 4021 999 4108 (Vll,
1016 4020 1097 4107 fin),
1127 4025 1277 4088 hominem

150 4151 289 4238 probum
310 4145 407 4253 (MR)
432 4172 495 4214 esse
518 4148 642 4226 laetum,
666 4149 720 4215 sed
741 4172 795 4236 per
818 4151 1085 4238 concupiscentiam
1108 4160 1137 4212 et
1158 4149 1277 4234 impiam

156 4273 346 4338 ambitionem
369 4274 462 4339 multa
484 4273 521 4338 ad
545 4293 629 4338 suam
651 4276 808 4359 perniciem
831 4276 949 4338 inventa
973 4274 1166 4359 excogitasse.
1202 4269 1278 4336 Nam

156 4400 241 4464 initio
266 4397 376 4486 duplici
397 4401 520 4464 rnateria
542 4411 696 4464 concretus
720 4410 765 4464 est
781 4397 888 4464 homo:
911 4397 1054 4484 spiritum
1068 4394 1175 4464 babuit
1189 4419 1207 4462 a
1222 4396 1277 4462 Dei
