3166 5178
825 301 870 376 12

290 505 380 600 ἧμῶν
403 508 505 597 Ἰησοῦ
533 511 683 594 mamm.
722 509 789 586 *Qui
821 515 862 576 ita
891 511 927 576 dc
961 514 1100 600 apostolis
1127 514 1319 602 loquebatur,
1350 520 1402 604 qui

290 641 411 704 lectorm
441 645 510 705 suos
537 637 672 702 admonet
693 649 733 704 ‚ut
762 659 862 702 eorum
884 637 990 714 verba,
1017 651 1157 727 tanqrran
1184 639 1332 726 praedicta
1354 643 1402 706 rel

290 777 374 828 antea
388 763 474 839 dicta,
492 765 696 840 meminissent,
712 765 736 828 is
755 764 818 847 jam
840 785 934 850 neque
948 763 1111 850 Apostolus
1131 774 1196 828 erat
1206 786 1301 853 neme
1315 767 1400 853 Apo·

290 890 432 960 stolorum
465 888 599 974 aequalis
654 886 722 954 Sive
754 891 845 974 igitur
871 909 973 952 rerum
1008 901 1052 952 est
1087 892 1148 954 sive
1180 889 1285 955 falsum
1318 891 1399 978 quod

289 1015 325 1080 H.
343 1014 461 1080 Grotius
482 1013 626 1089 censebat,
650 1013 725 1076 hanc
739 1013 891 1099 epistolam
914 1035 974 1076 non
987 1011 1080 1077 Judae
1104 1015 1250 1101 apostolo*
1272 1015 1324 1080 scd
1340 1015 1398 1081 de-

289 1144 362 1205 cimo
380 1142 493 1227 quinto
521 1138 790 1224 Hierosolymorum
822 1137 971 1224 episcopo
987 1137 1171 1203 tribuendam
1199 1163 1277 1217 esse,
1300 1135 1398 1206 delei-

289 1260 352 1350 φὸς
366 1260 519 1347 Ἰακώβου
540 1261 700 1350 significare
720 1262 822 1339 debet,
846 1285 906 1327 non
929 1262 1085 1328 fraternam
1108 1267 1322 1352 cognationem,
1346 1266 1398 1331 sed

288 1391 436 1454 ministerii
462 1392 522 1486 sire
549 1387 742 1475 Episcopatus
772 1391 1010 1453 communionem.
1059 1388 1239 1454 Advcrum
1266 1390 1397 1456 Thomac

287 1537 393 1580 nomen
415 1513 494 1603 quod
517 1517 631 1591 attinet,
656 1535 747 1602 qutun
770 1517 838 1578 satis
862 1527 961 1600 aperte
983 1517 1122 1580 innuatur
1145 1514 1219 1580 duos
1242 1515 1397 1582 dumtaxat

286 1641 446 1728 Apostolos
468 1639 565 1716 fuisse,
590 1643 640 1728 qui
653 1638 747 1706 dudae
769 1661 875 1704 nomen
896 1653 1049 1726 portarent
1066 1636 1124 1722 (lo.
1136 1638 1217 1718 XIV,
1234 1635 1301 1722 22),
1323 1663 1395 1707 con-

287 1765 435 1832 cludemus
458 1766 524 1830 licet
544 1777 682 1852 patruum
698 1769 874 1852 ¹cognomine
889 1777 1057 1844 contentum
1080 1763 1178 1842 fuisse,
1194 1759 1291 1830 fratris
1305 1765 1397 1830 lilium
1526 1758 1530 1766 ’

286 1913 391 1956 nomen
411 1891 491 1959 istud
512 1911 679 1977 usurpasse,
698 1889 791 1954 donee
813 1888 853 1952 id
866 1889 1155 1975 proptcrlscariotae
1178 1889 1289 1954 lacinus
1309 1889 1395 1955 odio-

287 2039 351 2082 sum
374 2029 451 2080 esset
472 2015 595 2094 lactum3
619 2015 722 2080 deinde
744 2036 813 2079 vero
837 2013 1028 2080 Thaddaeum
1052 2036 1082 2078 se
1104 2031 1297 2102 mmcupasse.
1335 2015 1395 2080 Ne-

286 2164 342 2231 que
363 2144 447 2206 nimis
475 2141 638 2228 urgendum
665 2153 723 2216 cst,
739 2139 828 2228 'quod
849 2137 952 2207 Jacobi
972 2139 1049 2206 filius
1076 2143 1259 2206 immaturior
1278 2139 1395 2206 futurem

286 2281 370 2346 esset,
392 2267 489 2354 quam
501 2279 536 2330 ut
557 2265 755 2330 in-duodecim
770 2265 978 2351 discipulorum
1000 2266 1154 2330 numerum
1173 2265 1391 2332 adscisceretur.

286 2391 486 2480 Quodcunque
509 2395 584 2456 en'rrrr
607 2390 642 2454 dc
664 2365 775 2456 dacobo
794 2393 877 2476 justo
904 2390 1043 2456 traditum
1060 2361 1119 2469 est,
1143 2415 1197 2456 nos
1221 2391 1306 2456 docet
1329 2413 1395 2456 eum

285 2519 431 2606 aliquanto
464 2519 673 2603 provectiorem
707 2518 791 2580 annis
822 2515 925 2594 fuisse,
955 2538 1013 2604 quo
1040 2527 1172 2603 tempore
1205 2517 1243 2582 ad
1271 2518 1393 2604 Episco-

284 2657 385 2730 patmn
422 2642 718 2728 Hierosolynu‘tanum
760 2641 929 2719 accedebam
972 2645 1102 2728 potuisse
1138 2645 1227 2728 igitm
1263 2655 1394 2708 maturae

175 2855 185 2866 .
285 2771 385 2832 aetatis
407 2767 500 2832 filium
520 2765 636 2830 habere.
683 2767 723 2830 Et
745 2761 835 2854 qrrum
858 2766 987 2832 Thomas
1011 2765 1202 2831 Thaddacum
1223 2771 1311 2834 istum
1334 2772 1395 2833 sive

283 2891 389 2957 dudam
417 2891 455 2955 ad
481 2873 621 2958 Edessam
649 2892 821 2957 mittendum
854 2891 990 2970 curabat,
1015 2891 1159 2979 quendam
1188 2915 1219 2956 se
1245 2896 1310 2980 ipso
1338 2896 1392 2957 mi·

283 3039 384 3082 norem
406 3029 478 3084 natu
499 3019 610 3082 misisse
631 3017 780 3104 putandus
803 3031 855 3082 cst.
887 3017 948 3084 Sed
968 2993 1074 3082 dixerit
1093 3017 1219 3082 fortasse
1239 3021 1391 3107 quispiam,

283 3166 379 3208 nonne
401 3143 551 3230 Alphacus
577 3143 637 3220 ille,
662 3147 750 3207 trium
768 3144 983 3231 Apostolorum
1005 3156 1103 3230 pater,
1126 3142 1221 3208 dudae
1243 3143 1393 3208 Thaddaei

284 3288 369 3346 avus,
393 3267 468 3332 idem
490 3267 546 3333 lirit
567 3281 654 3357 atque
676 3269 781 3356 Clopas
804 3271 850 3334 vel
870 3269 992 3356 Cleopas
1016 3269 1079 3346 illc,
1104 3272 1154 3356 qui
1176 3269 1298 3340 Mariam
1321 3267 1392 3333 Ser-

283 3397 391 3460 vatoris
418 3397 510 3458 nostri
536 3406 719 3460 materteram
747 3417 870 3460 imorem
893 3394 979 3459 drmit
1007 3391 1070 3476 (Jo.
1083 3393 1169 3470 XIX,
1192 3389 1275 3475 25)?
1317 3393 1393 3459 Illud

283 3541 389 3586 rerum-
406 3541 469 3584 esse
492 3519 680 3597 demonstrat,
704 3534 764 3584 tam
787 3532 887 3607 aperta
910 3519 1064 3584 declaratio
1087 3519 1176 3606 hujus
1199 3539 1322 3584 uxorem
1340 3517 1391 3583 Ja-

284 3645 349 3710 cohi
370 3648 463 3710 nostri
484 3657 605 3710 matrem
627 3644 716 3710 fuisse
740 3642 847 3727 (Marc.
860 3643 928 3721 XV,
945 3639 1021 3726 40),
1046 3665 1132 3732 quam
1154 3647 1278 3708 nominis
1300 3647 1392 3730 ipsius

283 3774 372 3848 ratio;
399 3792 466 3834 nam
487 3785 579 3857 prout
599 3774 757 3836 omittimus
778 3770 826 3834 vel
849 3791 1052 3834 conservamus
1080 3769 1216 3834 initialem
1238 3772 1391 3856 aspiratio·

282 3919 357 3974 nem,
369 3915 480 3960 ‘nomen
494 3869 589 3966 ῚΒῙῚΠ
604 3908 689 3959 sonat
702 3915 804 3981 graece
819 3895 865 3959 vel
876 3893 1013 3968 Κλωπᾶς
1024 3895 1070 3958 vel
1080 3890 1250 3980 Ἀλφατοςς
1274 3893 1310 3958 cf.
1319 3897 1390 3982 iifl,

278 4018 434 4103 Ἀγγαῖος,
450 4034 479 4085 et
493 4021 594 4085 similia
606 4015 868 4102 (vidcThorndilre,
882 4018 977 4107 oftdc
985 4017 1190 4085 Gocernmeat
1199 4015 1393 4108 ofClmrcltee

281 4171 311 4234 p.
327 4145 358 4211 5.
387 4140 804 4233 LightsootadAct.l‚13).
840 4145 963 4210 Mariam
984 4159 1080 4211 autem
1103 4167 1203 4210 sorore
1225 4147 1390 4232 provectio·

281 4295 342 4338 rem
364 4270 454 4340 fuisse
475 4269 545 4358 qnid
566 4269 665 4333 vetar?
693 4269 770 4344 Quid
790 4283 871 4338 vetat
890 4270 1027 4358 Cleopam
1045 4273 1107 4357 jam
1129 4271 1260 4336 vetulum
1282 4268 1391 4335 luisse?

283 4395 380 4472 Quid?
403 4399 427 4460 si
449 4394 576 4459 Jacohus
599 4398 868 4486 quinquagesimum
891 4397 1063 4486 complesset
1084 4395 1214 4460 mnino?
1244 4395 1277 4460 si
1298 4394 1391 4462 totas

1567 824 1578 1330 l

1574 1341 1578 1559 l
