3160 5170
768 380 979 490 Q

204 659 205 664 ,
311 612 399 678 grege
424 592 661 677 compescuerim.
696 587 774 652 Fieri
796 599 912 672 potest,
937 585 1040 664 lateor,
1067 587 1119 650 sed
1143 609 1249 674 parum
1266 586 1342 652 iIIud
1357 590 1435 651 reri-

313 715 405 780 simile
428 713 513 780 loret.
548 711 624 778 Nam
647 716 672 778 si
697 712 799 778 eodem
822 724 955 797 tempore
978 725 1008 775 et
1022 711 1204 776 Jasbaranus
1219 711 1294 778 liber
1317 712 1434 776 ethaeo

311 838 477 904 benedictio
506 842 538 902 In
566 839 718 925 publicum
745 835 922 924 prodibant,
954 849 983 900 et
1013 840 1037 900 si
1067 837 1114 901 ille
1140 835 1214 900 liber
1242 835 1434 922 aprobitate

312 977 341 1028 et
361 963 448 1028 beata
471 976 550 1028 sorte
572 963 770 1027 Israelitarum
793 983 900 1026 nomen
924 983 1011 1026 suum
1034 964 1142 1048 partim
1167 960 1305 1037 deduxit,
1332 963 1435 1026 certis-

311 1091 417 1152 simum
441 1101 499 1166 est,
525 1091 642 1173 opinor,
666 1088 779 1152 Israelis
803 1089 898 1174 ipsius
914 1099 986 1151 rota
1007 1109 1070 1152 non
1087 1087 1145 1150 alio
1165 1087 1288 1150 consilio
1304 1089 1336 1150 in
1352 1089 1434 1172 cogi·

310 1216 452 1281 tationem
476 1225 505 1276 et
528 1215 719 1297 scriptionem
742 1214 871 1289 venisse,
897 1234 985 1298 quam
1002 1225 1037 1276 ut
1052 1215 1083 1276 in
1098 1234 1132 1274 ea
1148 1211 1319 1276 collectione
1333 1211 1434 1274 locum

312 1336 493 1413 obtinerent,
524 1337 561 1399 ad
588 1336 850 1401 demonstrandum
875 1337 983 1400 scilicet
1006 1358 1097 1422 quare
1119 1359 1181 1400 non
1205 1358 1306 1402 omnes
1330 1338 1433 1422 stirpis

310 1463 483 1526 israeliticae
513 1459 609 1525 tribus
638 1474 746 1526 terram
769 1460 873 1547 probis
895 1464 1072 1548 promissam
1097 1483 1192 1547 aequo
1212 1462 1281 1546 jure
1304 1481 1434 1546 occupa-

200 1609 208 1622 ·
311 1600 391 1663 rent,
421 1609 511 1673 quare
535 1599 632 1652 autem
656 1585 750 1649 Iudae
773 1598 803 1649 et
824 1584 948 1671 Josephi
971 1585 1038 1663 filil,
1063 1586 1105 1649 illi
1127 1607 1267 1672 regnum,
1291 1585 1323 1648 hi
1346 1607 1435 1670 prae·

312 1715 428 1799 cipuam
450 1724 544 1776 terrae
568 1715 653 1776 Istius
669 1723 783 1796 partem
800 1709 857 1774 sibi
872 1711 1080 1776 vindicassent.
1111 1709 1145 1774 Si
1160 1711 1234 1774 liber
1247 1708 1433 1774 Jasbaranus

310 1837 376 1902 talis
401 1836 472 1914 luit,
497 1837 613 1922 qualem
636 1857 702 1899 eum
726 1835 817 1900 luisse
841 1839 989 1914 existimo,
1014 1836 1127 1922 absque
1149 1835 1208 1899 boc
1230 1833 1432 1898 additamento

311 1960 402 2038 soret,
436 1973 470 2024 ut
491 1983 611 2025 mancus
634 1960 855 2047 quodammodo
879 1974 908 2024 et
929 1960 1177 2048 imperfectus‘ad
1199 1973 1335 2024 nostrum
1358 1972 1432 2024 tem·

310 2109 368 2172 pus
406 2086 597 2150 descenderit.
649 2083 681 2150 Si
718 2084 791 2150 Iiber
821 2085 1003 2150 Jasbaranus
1032 2107 1066 2149 eo
1097 2098 1229 2171 tempore
1259 2097 1432 2171 compactus

310 2211 381 2287 suit,
407 2233 467 2297 quo
492 2234 558 2276 eum
580 2214 611 2274 in
635 2233 727 2274 unum
750 2231 859 2297 corpus
883 2210 1043 2274 conflatum
1066 2209 1157 2274 fuisse
1180 2209 1318 2286 arbitror,
1341 2207 1433 2272 bene-

310 2336 401 2401 dictio
424 2348 522 2401 autem
545 2334 688 2400 Iacobina
710 2335 757 2398 vel
781 2358 815 2399 eo
839 2348 971 2421 tempore
994 2336 1041 2399 vel
1065 2349 1131 2400 ante
1154 2336 1186 2399 ld
1208 2347 1326 2422 tempus
1350 2356 1431 2398 com·

309 2465 408 2549 posita
431 2475 491 2537 est,
516 2473 647 2538 constat,
672 2463 698 2524 si
721 2460 794 2546 quid
816 2463 847 2524 in
870 2462 928 2524 boc
950 2482 1056 2547 genere
1073 2473 1207 2524 constare
1221 2472 1337 2545 potest,
1363 2481 1432 2524 can·

308 2588 427 2652 tiIenam
457 2599 591 2651 nostram
612 2585 665 2648 tali
689 2585 853 2650 collectioni
877 2587 923 2650 vel
947 2588 1086 2694 insertam
1109 2607 1188 2660 esse,
1221 2585 1267 2648 rel
1290 2587 1431 2671 scriptam

310 2734 372 2778 esse
396 2711 552 2776 dumtaxat
574 2724 608 2774 ut
631 2710 724 2775 eidem
748 2714 935 2778 insereretur.

534 2923 551 3008 ἓ
571 2923 598 2988 1.
626 2923 666 2990 In
687 2924 775 2989 Leoe
791 2925 880 3015 filios
902 2934 1047 3012 wattoni·
1068 2927 1210 3009 majores.

398 3084 605 3150 De'vcrsuum
630 3083 700 3162 3,d
722 3084 924 3148 emendatione
948 3098 978 3148 et
998 3087 1240 3171 interpretatione
1257 3084 1320 3169 jem
1344 3096 1430 3148 antea

309 3209 435 3276 disserui
459 3205 544 3292 (Pars
559 3211 598 3288 II,
617 3233 647 3297 p.
663 3205 749 3291 109).
784 3210 817 3273 In
833 3209 936 3273 ultima
951 3232 1055 3274 versus
1072 3212 1170 3296 quarti
1186 3209 1317 3273 clausula
1330 3209 1430 3295 paral-

307 3335 438 3398 lelismus
466 3335 581 3423 flagitat
608 3347 643 3398 ut
671 3356 726 3421 pro
756 3309 836 3437 HQ
864 3357 1043 3421 reponamus
1073 3334 1120 3398 vel
1147 3309 1231 3418 ,ἣν
1260 3333 1307 3397 vel
1336 3309 1427 3426 ³¹39·

307 3457 410 3547 Neque
434 3464 510 3524 enIm
533 3459 602 3524 Ierri
625 3471 726 3546 potest
747 3461 883 3523 transitio
908 3460 957 3523 iIIa
980 3463 1011 3524 in
1033 3458 1130 3522 medio
1146 3428 1236 3523 versu
1259 3481 1277 3521 a
1299 3458 1428 3524 secunda

307 3584 345 3648 ad
367 3579 483 3650 tertiam
505 3606 673 3670 personam.
708 3584 759 3650 Ad
780 3606 840 3648 rem
866 3586 961 3670 ipsam
985 3583 1067 3670 quod
1090 3587 1208 3661 attinet,
1233 3597 1323 3669 poeta
1338 3582 1429 3649 Solo-

306 3730 440 3786 moneus,
464 3720 535 3793 post
558 3720 695 3774 eventum
719 3707 859 3785 scribens,
884 3709 1030 3796 explicare
1045 3708 1157 3785 voluit,
1182 3729 1272 3795 quare
1295 3708 1430 3773 tribuum

305 3833 500 3899 Israelitidum
522 3845 582 3896 tres
606 3832 687 3910 illae,
721 3837 850 3920 quaein
873 3847 971 3897 vetere
993 3833 1152 3898 traditione
1175 3855 1280 3920 agmen
1301 3831 1429 3898 fratrum

307 3956 466 4034 ducebant,
492 3970 602 4021 sortem
625 3960 722 4021 minus
745 3980 920 4046 prosperam
942 3962 973 4021 in
996 3971 1075 4023 terra
1098 3961 1179 4046 genti
1200 3961 1347 4045 promissa
1373 3957 1430 4022 ob·

305 4085 440 4147 tinerent.
482 4082 556 4146 Nam
578 4082 698 4161 Ruben,
725 4105 811 4170 quem
834 4087 994 4147 maximum
1017 4096 1089 4147 natu
1109 4082 1320 4170 perhibebant,
1344 4096 1429 4148 maus

305 4206 471 4272 Iordanum
499 4231 580 4274 more
610 4207 766 4273 nomadico
789 4207 962 4272 morabatur
986 4205 1067 4290 (Jos.
1084 4205 1246 4289 ximat).
1294 4207 1428 4304 Simeon,

305 4335 357 4416 qui
384 4335 531 4420 principio
561 4334 677 4419 aliquot
703 4331 792 4398 urbes
823 4335 854 4396 in
883 4333 994 4398 ditione
1024 4333 1118 4398 dudae
1149 4331 1315 4418 occupabat
1343 4328 1427 4417 (Ios.

302 4453 391 4534 XIX,
409 4454 463 4540 3),
492 4470 599 4544 postea
628 4460 659 4522 in
681 4458 849 4524 Idumaeam
877 4458 1024 4546 migrabat
1053 4471 1143 4546 atque
1169 4457 1212 4523 ibi
1239 4460 1428 4548 pastoritiam
