3172 5186
617 377 828 489 ...³3¹-

257 583 393 670 Quodsi
417 589 483 673 quis
506 589 676 674 quaesierit,
700 607 792 674 quare
813 586 918 654 ludaei
941 591 1014 676 ipsi,
1037 600 1126 675 atquc
1148 591 1173 652 is
1196 610 1281 675 prae-

167 714 267 776 sertim
295 713 347 798 qui
373 711 604 777 Pentateuchum
639 711 743 790 edidit,
774 735 812 777 cx
846 715 1004 798 perspicuo
1035 714 1092 778 hoc
1125 713 1280 800 allegoriae

167 857 256 902 sensu
283 835 471 912 decedentes,
500 837 607 900 malum
636 836 781 924 quendam
809 836 988 903 Daemonem
1018 836 1199 913 effinxerint,
1229 841 1280 926 qui

167 963 311 1048 serpentis
338 959 460 1025 sormam
488 959 637 1060 indueret,
667 974 703 1026 ut
729 961 821 1026 Evam
851 960 890 1033 ad
917 961 1097 1049 peccandum
1126 961 1281 1028 calliditate

167 1107 221 1150 sua
242 1084 410 1162 induceret,
434 1085 545 1150 facilem
568 1088 593 1150 is
617 1085 673 1150 sibi
696 1090 920 1173 responsionem
942 1088 1084 1163 inveniet,
1109 1085 1198 1151 modo
1222 1110 1282 1152 me·

167 1213 292 1287 minerii,
310 1231 371 1298 quo
393 1223 525 1298 tempore
540 1211 731 1278 Pentateuchi
751 1210 849 1276 editor
870 1210 908 1275 ad
931 1232 1050 1299 operam
1073 1232 1104 1276 se
1128 1232 1210 1275 suam
1233 1233 1282 1276 ao·

168 1338 305 1423 cingeret.
336 1333 424 1418 ,Nam
452 1356 542 1422 quum
571 1338 643 1400 satis
671 1357 818 1423 superque
846 1347 976 1412 constet,
1000 1334 1146 1412 iudaeos,
1169 1337 1221 1424 qui
1249 1337 1281 1399 in

166 1463 286 1547 regione
309 1459 499 1547 Babylonica,
523 1472 553 1524 et
575 1459 632 1524 suh
648 1433 847 1525 dominatione
862 1460 1016 1525 Persarum
1040 1473 1099 1524 tam
1124 1459 1176 1523 diu
1199 1460 1282 1553 vixe-

166 1597 242 1662 rant,
267 1584 334 1649 inde
358 1605 455 1650 secum
479 1587 509 1650 iu
524 1583 717 1650 Palaestinam
741 1585 912 1673 deportasse
928 1584 1081 1652 Zoroastri
1106 1583 1282 1656 dualismum

167 1721 196 1774 ct
217 1707 395 1774 elaboratam
424 1709 501 1774 illam
532 1707 706 1774 daemonum
735 1709 965 1797 angelorumque
991 1708 1167 1802 doctrinam,
1192 1729 1280 1796 quam
1409 1767 1411 1770 .

166 1845 271 1921 postea
299 1833 548 1921 amplectebantur
575 1832 716 1915 (Binan,
729 1827 756 1913 l)
779 1831 900 1899 uades
922 1831 1085 1898 d'bistoire
1110 1833 1279 1920 religieuse,

166 1956 296 2047 pesth),
320 1979 405 2024 nemo
428 1957 590 2036 dubitabit,
615 1961 687 2046 quin
707 1957 923 2024 Masorethicus
945 1958 994 2023 ille
1016 1957 1112 2024 scriba
1135 1969 1280 2022 vetustam

166 2081 321 2149 tunnam
337 2087 413 2148 ratis
433 2083 601 2172 allegoriam
624 2083 663 2148 ad
677 2083 895 2149 Zoroastricam
912 2083 1095 2171 disciplinam
1118 2104 1282 2148 accommo-

168 2207 258 2283 daret,
280 2229 337 2296 qua
354 2207 493 2304 docemur
508 2209 706 2285 Ahrimauem,
730 2208 875 2272 malorum
896 2211 1051 2296 geniorum
1075 2207 1177 2272 ducem
1200 2229 1282 2272 sum·

167 2355 257 2410 mum,
280 2336 331 2420 qui
354 2352 421 2398 cnm
436 2331 586 2400 Ormunda
607 2346 766 2420 perpetuas
781 2345 916 2398 exerceat
937 2334 1111 2408 inimicitias,
1136 2333 1280 2418 serpentis

167 2461 263 2545 specie
285 2457 417 2534 indutus,
434 2461 546 2544 primos
567 2459 702 2524 homines
717 2457 756 2524 ad
778 2455 958 2544 peccandum
973 2456 1145 2522 sollicitasse
1161 2455 1280 2534 (Zend-

120 2573 122 2578 ¹
168 2593 271 2651 merea
292 2581 339 2648 ed.
356 2582 494 2648 lllenher.
518 2583 577 2648 vol.
594 2585 620 2660 l,
642 2606 673 2671 p.
688 2582 740 2648 25.
766 2582 817 2658 lll,
834 2579 879 2648 84
894 2578 984 2669 sqq).
1026 2580 1105 2646 Haec
1127 2585 1203 2646 ratio
1227 2603 1280 2668 per

166 2719 261 2774 totam
288 2705 347 2774 sere
368 2708 472 2774 Asiam
497 2707 653 2796 gliscebat,
680 2720 709 2772 et
737 2711 768 2772 in
785 2709 893 2772 marias
921 2706 994 2771 abiit
1021 2706 1222 2794 mythologice
1251 2717 1282 2770 ct
1351 2796 1353 2801 Α

167 2833 374 2920 philosophias
402 2829 488 2914 (ride
510 2832 605 2908 liaur,
635 2832 686 2898 dic
714 2829 883 2898 christliche
906 2829 1019 2896 Gnosis
1039 2853 1092 2918 pp.
1111 2828 1173 2896 179
1196 2850 1281 2917 sqq.;

167 2959 287 3035 Lasseu‚
308 2955 451 3024 hediscbe
464 2955 752 3022 Altcrthumslcmedc
768 2956 813 3032 lll,
830 2979 881 3044 pp.
897 2954 960 3020 ddi
976 2952 1066 3043 sqq).
1101 2953 1141 3022 Iit
1163 2957 1281 3020 inversa

168 3082 388 3172 quodammodo
417 3081 517 3148 iahula
543 3103 597 3170 per
618 3081 780 3148 Phoenices
809 3079 848 3144 ad
871 3079 998 3146 Graecos
1022 3080 1117 3146 delata
1139 3093 1199 3156 est,
1229 3083 1280 3167 qui

169 3207 354 3276 emdiderunt
367 3206 522 3273 Herculem
545 3220 679 3294 serpente
701 3205 817 3272 arboris
838 3204 960 3270 custode
978 3206 1095 3272 devicto
1110 3208 1207 3271 aureis
1221 3204 1281 3270 He-

169 3332 318 3422 speridum
341 3335 437 3420 pomis
460 3333 489 3394 vi
512 3334 641 3418 potitum
664 3351 737 3395 esse.
770 3328 931 3395 Christiani
954 3341 1066 3406 autern,
1091 3333 1142 3416 qui
1164 3351 1282 3396 *omnem

169 3480 253 3523 snam
273 3457 388 3524 Veteris
409 3456 589 3522 Testamenti
612 3459 746 3522 notitiam
768 3476 807 3520 ex
826 3452 1027 3518 Alexandrina
1050 3457 1184 3518 versione
1206 3455 1282 3518 hau·

169 3582 292 3662 ricbant,
316 3581 397 3648 haud
419 3581 500 3648 facile
523 3581 581 3647 sihi
603 3603 696 3648 novas
719 3583 793 3646 sacri
816 3577 924 3644 codicis
947 3579 1204 3664 interpretationes
1223 3579 1282 3642 ela·

169 3707 275 3775 horare
302 3720 454 3794 poteraut:
483 3721 519 3774 ut
547 3710 652 3774 mirum
674 3707 714 3772 sit
742 3717 801 3770 tam
829 3716 942 3772 mature
967 3705 1103 3769 inventos
1126 3724 1205 3780 esse,
1229 3705 1281 3790 qui

170 3845 315 3898 vetustam
338 3833 493 3921 allegoriae
516 3845 635 3898 nostrae
658 3829 900 3920 significationem
922 3828 1121 3915 explorarent.

241 4055 263 4124 ¹)
280 4055 327 4110 Vir
344 4053 382 4108 ille
400 4053 562 4117 doctissimus,
581 4058 684 4122 quaest
704 4049 858 4115 humanitate,
876 4066 925 4104 non
944 4048 1086 4120 dedignatus
1104 4045 1141 4101 est
1158 4046 1217 4100 mihi
1239 4061 1281 4117 per

170 4153 260 4209 litteras
278 4152 409 4226 significare
426 4168 453 4204 se
465 4168 492 4204 ea
510 4151 633 4214 mutantia,
646 4165 720 4220 quam
737 4149 762 4200 in
780 4155 836 4201 nota
848 4147 878 4200 ad
895 4144 960 4218 pse
971 4147 1061 4218 posuit,
1079 4143 1138 4199 nihil
1155 4143 1219 4198 alind
1237 4143 1279 4198 de-

171 4251 258 4306 clarare
275 4249 341 4315 velle,
359 4251 406 4306 nisi
425 4248 491 4320 quod
508 4265 562 4301 mea
578 4247 639 4301 ratio
657 4245 687 4300 ab
704 4246 793 4300 usitata
810 4243 984 4300 liumanorum
1002 4241 1127 4297 traditione
1144 4241 1208 4296 haud
1227 4257 1279 4296 me-

172 4349 282 4404 diocriter
299 4347 345 4403 sibi
361 4348 483 4403 riderctru
501 4345 619 4401 decedere.

623 4488 830 4504 auu-*—
