3166 5178
840 363 877 409 Vl

302 529 389 615 piam
402 529 525 614 librum,
540 529 629 616 eujus
644 529 895 614 designationem
909 551 966 615 pro
982 551 1033 596 me
1047 529 1117 616 ipsc
1133 529 1307 596 effinxem?
1327 529 1414 596 Nihil

302 635 450 721 profecto,
473 638 536 703 nisi
557 637 642 720 quod
657 637 812 704 Henricus
827 637 948 722 Ewald‚
969 638 1025 720 qui
1047 636 1138 704 aliter
1160 637 1263 722 sentit,
1287 657 1323 704 se
1345 637 1413 702 16111

303 763 365 810 666
387 764 483 830 66666
506 743 674 810 existimat.

368 851 433 918 Sed
453 871 568 937 operae
589 852 725 937 pretium
747 859 796 919 est
824 852 935 937 paucis
957 850 1138 936 ostendere,
1162 852 1264 935 qualis
1292 852 1334 918 sit
1360 853 1413 919 ille

301 959 358 1041 vir,
380 959 435 1042 qui
456 960 577 1044 Papam
599 960 681 1026 inter
702 960 916 1026 Protestantcs
938 959 1012 1042 agit
1035 959 1098 1042 qui,
1122 977 1218 1042 quum
1242 976 1281 1026 se
1303 981 1413 1046 perpe-

302 1072 389 1132 tuum
412 1067 444 1130 in
466 1065 627 1152 republica
648 1066 800 1134 litteraria
822 1067 1006 1133 dictatorem
1028 1066 1196 1154 creavcrit,
1218 1067 1413 1134 Bunsenium

303 1180 417 1256 autem,
434 1173 575 1256 equitum
589 1172 674 1239 haud
690 1172 735 1239 ita
750 1173 882 1258 pridem,
898 1172 992 1240 hodie
1008 1174 1158 1240 baronum
1170 1173 1267 1240 decus
1273 1169 1304 1258 ¹),
1321 1195 1413 1242 suum

302 1281 441 1363 equitum
464 1280 649 1364 magistrum
671 1280 799 1364 dixerit,
823 1281 856 1345 in
878 1281 958 1346 alios
981 1301 1105 1364 omnes,
1128 1281 1197 1346 sinc
1218 1280 1282 1346 ullo
1304 1301 1414 1366 proro-

302 1387 435 1453 cationis
453 1386 535 1473 jure,
550 1387 634 1453 ritae
649 1387 799 1470 necisque
816 1387 871 1474 jus
887 1408 1033 1454 exercere
1048 1389 1179 1454 imbibit.
1201 1388 1248 1454 Aa
1262 1387 1412 1474 profecto,

302 1495 357 1577 qui
385 1495 431 1560 ita
459 1515 494 1561 sc
523 1495 684 1562 semiticae
711 1493 901 1579 philologiae
929 1496 1079 1562 arbitrum
1106 1495 1313 1581 nuncupavit,
1341 1516 1413 1562 eum

301 1609 425 1688 oporiet
448 1623 538 1668 suam
561 1601 666 1668 saltim
690 1601 843 1668 familiam
859 1601 983 1670 ducere.
1012 1602 1054 1668 At
1075 1623 1116 1668 ne
1138 1603 1171 1668 in
1186 1602 1333 1670 Hebraea
1348 1603 1413 1686 qui·

301 1710 374 1777 166
400 1709 608 1793 grammatica
630 1709 779 1776 Germani
803 1709 935 1776 llwaldo
958 1730 1015 1776 suo
1038 1710 1157 1795 primas
1180 1709 1334 1777 deferunt.
1371 1710 1414 1776 Ut

300 1818 380 1884 alios
408 1817 534 1900 sileam,
556 1815 630 1882 vide
659 1817 753 1882 modo
782 1835 864 1899 quae
888 1816 929 1881 de
959 1817 1019 1884 isto
1049 1817 1210 1902 scripserit
1236 1816 1412 1885 Rcdslobus

301 1920 478 2007 (Seedcdde
498 1947 576 1990 aare
597 1923 791 1989 Jatrtacter
804 1924 865 1990 vol.
880 1923 952 2007 XX,
968 1944 999 2008 p.
1014 1919 1078 2008 72).
1107 1923 1241 2009 Deinde,
1265 1945 1336 1992 eum
1359 1925 1413 2008 qui

300 2051 336 2098 se
359 2037 423 2096 tam
447 2031 591 2098 severum
614 2030 686 2096 aliis
704 2050 867 2097 censorem
887 2032 1027 2116 praebet.
1044 2031 1155 2098 alienis
1178 2032 1268 2098 bonis
1284 2031 1412 2116 gloriari

299 2137 391 2206 nefas
413 2145 471 2204 est.
499 2138 541 2202 At
555 2137 715 2220 11661166,
735 2143 771 2202 ut
788 2137 935 2220 graculm
957 2138 1011 2204 ille
1025 2137 1209 2222 Aesopicus,
1231 2139 1283 2206 vel
1304 2139 1338 2204 16
1352 2139 1413 2206 He·

300 2247 397 2312 braca
417 2245 624 2329 grammatica
645 2244 758 2330 pennis
782 2264 817 2310 se
838 2244 968 2328 ornavit,
991 2263 1073 2327 quae
1094 2245 1216 2311 Pavoni
1232 2245 1412 2312 Britannico

300 2352 492 2420 deciderant.
515 2351 596 2417 Vide
611 2350 705 2417 modo
720 2351 861 2416 libellum
871 2350 1047 2417 doctissimi
1058 2351 1223 2436 Sambec,
1239 2351 1413 2436 666111661-

300 2459 375 2527 dum
396 2460 497 2544 plagii
524 2459 652 2526 litterati
679 2464 809 2525 accusat
831 2454 895 2542 (Aa
917 2457 1142 2524 Eaamiaatloa
1168 2459 1209 2547 os
1225 2460 1275 2526 lde
1298 2460 1411 2528 Gram-
1506 2531 1512 2544 ,

299 2569 426 2634 mantal
445 2568 617 2655 Priaapler
639 2565 679 2654 os
695 2565 859 2654 Professor
879 2565 997 2632 Ewuld
1018 2566 1058 2655 of
1076 2568 1247 2654 1111166666,
1271 2566 1413 2651 Londou,

302 2672 410 2758 1847).
437 2674 542 2757 Porro,
559 2674 614 2756 qui
636 2673 698 2740 sibi
712 2673 825 2739 erroris
848 2673 1077 2740 immunitatem
1092 2673 1240 2757 vindieat,
1262 2693 1334 2740 eum
1350 2673 1413 2740 sibi

193 2870 196 2876 Ι
300 2787 444 2848 constare
469 2800 601 2846 necesse
623 2785 681 2846 est.
725 2778 767 2844 At
789 2779 844 2859 qui
866 2779 990 2846 dixerat
1011 2800 1040 2846 6.
1060 2801 1091 2864 g.
1112 2779 1253 2847 radicem
1275 2779 1412 2846 nominis

299 2888 418 2974 proprii
434 2865 502 2977 665
520 2907 583 2953 666
605 2906 701 2972 66666
716 2907 778 2951 666
801 2905 972 2970 congruere
987 2907 1058 2954 cum
1075 2881 1188 2977 6666),
1210 2885 1296 2953 idern
1317 2885 1413 2954 hodie
1458 2941 1461 2948 .

299 2995 451 3080 agnoseit.
471 2994 557 3078 quod
578 2994 698 3080 primus
719 2992 859 3060 indicavi
874 2989 959 3078 (infr.
974 3015 1005 3079 p.
1021 2990 1108 3078 129),
1129 2994 1280 3060 Lcmerbi
1298 2985 1413 3061 nomen

299 3101 463 3187 Λάμαχον
478 3094 618 3183 1616661).
646 3099 688 3165 Et
704 3119 799 3183 quum
822 3100 868 3166 ita
890 3101 1097 3168 subindicarit
1118 3100 1317 3167 verissimum
1341 3121 1413 3168 esse

275 3199 276 3206 ἵ
300 3210 386 3292 quod
401 3230 460 3293 ego
476 3207 598 3274 affirmo
605 3201 639 3291 ⁴),
655 3206 708 3274 ille
723 3214 828 3274 autern
843 3203 981 3293 negat⁶),
994 3229 1065 3274 cam
1079 3206 1234 3274 rationem
1248 3208 1281 3273 in
1297 3207 1412 3275 scholis

299 3315 464 3383 Hebraicis
488 3314 628 3382 studiose
650 3314 902 3400 amplectendam
925 3336 1006 3399 esse,
1030 3334 1092 3398 qua
1114 3314 1316 3400 6661666666
1340 3315 1413 3382 scri·

299 3429 422 3509 ptorum
451 3422 665 3508 interpretatio
695 3428 784 3488 tanta
811 3423 930 3508 ceperit
956 3423 1163 3506 incrementa,
1187 3421 1414 3490 demonstrarit

299 3531 450 3598 Ewaldus
466 3551 501 3597 se
515 3531 549 3595 16
570 3529 694 3614 graecis
710 3528 816 3595 saltim
830 3529 942 3596 litteris
957 3551 997 3596 nc
1014 3531 1170 3596 clementa
1184 3528 1312 3613 quidem
1334 3529 1412 3598 satis

301 3638 467 3706 didicisset
489 3658 563 3704 narn
580 3636 640 3704 etsi
661 3657 681 3702 a
695 3657 746 3702 me
761 3636 892 3702 meliora
906 3636 1035 3704 edoctus
1054 3632 1162 3721 erat⁶)‚
1185 3636 1310 3704 mediae
1325 3637 1413 3706 vocis

300 3745 501 3831 participium
523 3741 786 3828 ἀπεκδυσάμενος
814 3739 873 3827 (D.
894 3743 981 3810 Paul.
1005 3744 1048 3810 ad
1068 3745 1179 3810 Colore.
1196 3745 1244 3826 Π,
1268 3740 1327 3828 15)
1354 3765 1412 3829 pro

300 3853 403 3920 activo
418 3852 554 3938 accepit3
578 3852 671 3918 vertit
693 3852 793 3918 enim:
817 3851 1004 3918 aaszielead
1021 3849 1053 3916 d.
1068 3850 1088 3915 i.
1104 3850 1188 3918 ihrer
1201 3851 1414 3918 Hcrrlichlreit

354 4047 374 4112 ι)
397 4043 555 4100 Ridiculum
572 4048 627 4114 est,
651 4046 819 4114 quantopere
837 4041 993 4098 Bunseuius
1009 4041 1193 4112 Ewnldusquc
1213 4041 1412 4112 gremlationes

299 4133 419 4189 invicem
435 4133 595 4203 largiantur.

352 4223 378 4290 ²)
396 4220 544 4278 caelabo
556 4223 581 4276 rt
592 4221 682 4276 Valles
693 4219 782 4274 Israel.
794 4219 816 4288 1,
825 4234 853 4288 p.
859 4218 925 4274 315:
938 4218 1003 4289 „die
1012 4219 1124 4276 Wuracl
1137 4199 1205 4312 665
1215 4259 1222 4274 .
1234 4259 1260 4276 ..
1278 4217 1350 4276 mnis
1363 4219 1413 4274 mit

301 4291 351 4380 lsi,
371 4321 442 4402 'an
461 4307 751 4380 666666661666666.ιι

352 4418 374 4484 ³)
392 4417 519 4472 661666.
533 4415 761 4472 6661166661.
773 4413 821 4484 Vl,
834 4431 862 4484 p.
874 4415 900 4470 2.
919 4443 953 4456 ·-
971 4414 993 4482 ⁴)
1011 4411 1087 4470 Infra
1103 4430 1131 4483 6.
1143 4415 1205 4470 346.

352 4509 375 4576 ⁸)
396 4504 464 4564 coe.
474 4509 523 4580 pel.
535 4505 604 4560 Aac.
622 4503 700 4560 1855.
719 4505 821 4574 6151.
841 4533 874 4546 -
893 4504 915 4572 θ)
933 4500 1010 4560 Infra
1026 4518 1054 4574 p.
1067 4503 1111 4560 to.
