3152 5160
710 281 760 356 85

317 565 319 569 y
359 494 417 578 Qui
441 495 486 559 vel
510 493 590 559 domi
614 508 680 562 tuae
704 509 791 560 uatus
815 495 919 573 suerit,
944 497 990 562 vei
1013 500 1185 584 emptitius:

125 635 183 681 Gen.
193 637 266 681 xvn.
285 635 333 696 [rc]
356 621 400 685 Ita
415 624 533 708 siguum
548 619 675 686 foederis
692 625 748 687 mei
763 625 794 686 in
810 644 895 686 carne
911 636 1009 688 vestra
1025 643 1141 710 semper
1155 621 1293 688 manebit.

286 747 564 830 [141‘Praeputiatus
589 768 659 810 vcro
689 769 767 823 mas,
800 749 884 833 cujus
909 769 975 811 caro
999 751 1147 834 praeputii
1171 752 1295 813 circum-

815 875 875 936 cisa
896 895 958 938 nou
981 871 1084 949 suerit,

354 996 381 1060 Is
405 997 508 1083 utique
532 995 845 1074 excommunicabitur,
870 1011 905 1062 ut
928 1001 979 1085 qui
995 997 1100 1064 foedus
1115 1019 1212 1064 meum
1228 1000 1294 1062 vio·

814 1121 950 1188 laverit«

285 1261 333 1323 [ιε]
354 1247 439 1312 Dixit
462 1270 582 1334 quoque
605 1247 686 1312 Deus
709 1244 899 1312 Abrabamo:

355 1372 474 1439 »Sorai
494 1396 621 1440 uxorem
643 1386 725 1437 tuam
748 1395 809 1438 nou
833 1373 958 1459 amplius
981 1370 1079 1438 Sorai
1101 1373 1154 1438 sed
1176 1369 1293 1438 Sarum

811 1497 942 1574 vocabis,

284 1639 332 1700 [rr]
353 1625 393 1688 Et
414 1622 584 1688 benedicam
609 1627 651 1700 ei,
677 1621 813 1711 daboque
837 1622 892 1687 tibi
915 1646 953 1688 ex
975 1624 1025 1687 illa
1046 1623 1155 1701 filium;

352 1750 527 1815 Mater·erit
550 1771 584 1814 ea
606 1752 776 1825 bubonum,

289 1907 294 1918 ·
351 1877 401 1941 Ex
423 1898 457 1939 ea
479 1897 562 1963 reges
585 1875 768 1962 populorum
792 1878 956 1940 orientur«

111 1981 331 2103 cenxvuneffgl.
353 2003 432 2066 Tum
455 2001 518 2066 Deo
544 2000 619 2064 dixit
641 1999 845 2066 Abrahamus:

352 2125 491 2192 »Utinam
513 2126 673 2190 Ishmaelus
696 2130 779 2190 vivat
803 2147 901 2190 coram
924 2125 990 2190 tei«

351 2253 432 2316 Deus
456 2265 554 2316 autern
576 2250 746 2337 respondit:

282 2392 329 2453 [rc]
352 2377 448 2443 »Sera
469 2376 603 2464 profecto
627 2398 708 2462 uuor
730 2388 783 2438 tua
804 2378 900 2462 pariet
921 2371 977 2439 tibi
998 2374 1107 2450 filium,

350 2502 539 2590 Vocabisque
562 2522 670 2564 nomen
694 2501 757 2585 ejus
780 2499 886 2580 Isaac,

349 2629 389 2692 Et
412 2631 590 2692 constituam
612 2638 731 2713 pactum
754 2647 850 2689 meum
875 2647 941 2688 cum
964 2645 999 2686 eo
1024 2626 1054 2687 iu
1078 2603 1228 2686 aeteruum

350 2755 389 2818 Et
412 2776 478 2817 cum
499 2756 535 2816 iis
559 2755 611 2840 qui
635 2775 673 2816 ex
696 2773 731 2815 eo
755 2763 921 2815 nascentur.

279 2893 327 2954 [ao]
350 2879 440 2963 Quod
462 2878 500 2942 ad
522 2877 698 2942 Ishmaelum
722 2879 840 2954 attinet,
866 2874 1006 2940 exaudivi
1028 2887 1067 2938 te.

348 3005 423 3070 Ecce
452 3003 621 3070 benedicam
650 3007 690 3080 ei,
722 3016 752 3067 et
774 3000 904 3090 augebo,
935 2996 1195 3086 multiplicaboque
1219 3020 1286 3063 erun

807 3126 1087 3214 quamplurimum.

348 3256 513 3322 Duodecim
535 3257 683 3340 principes
705 3251 871 3342 generabit,

348 3381 387 3444 Et
410 3403 516 3468 magna
538 3383 619 3444 natio
643 3401 681 3442 ex
704 3399 739 3443 eo
762 3378 822 3440 fiet.

278 3520 326 3581 [rr]
348 3505 467 3570 Foedus
493 3528 562 3570 vero
585 3526 682 3568 meum
706 3523 772 3566 cum
794 3501 893 3565 Isaaco
918 3503 986 3575 erit,

349 3631 443 3715 Quem
458 3630 513 3696 tibi
526 3630 601 3696 Sara
613 3629 651 3694 ad
666 3628 724 3692 hoc
738 3641 856 3713 tempus
871 3630 903 3690 in
918 3649 995 3690 anno
1011 3627 1151 3712 proximo
1164 3625 1284 3711 pariet«

277 3769 325 3831 [rt]
348 3755 447 3840 Quum
479 3757 551 3820 haec
579 3755 618 3820 ad
644 3755 730 3819 finem
760 3753 886 3818 dixisset
912 3751 1008 3828 Deus,
1044 3750 1081 3815 ab
1111 3749 1282 3818 Abrahemo

805 3877 944 3943 ascendit.

276 4023 324 4083 [aa]
345 4007 535 4075 Abrabamus
559 4019 657 4070 autem
680 4008 757 4092 cepit
779 4003 955 4069 Ishmaelum
976 4001 1070 4068 filium
1093 4021 1195 4078 suurn,

348 4134 516 4221 Omnesque
539 4132 619 4197 domi
643 4153 713 4196 suae
736 4144 822 4195 natos
847 4144 876 4195 et
898 4132 993 4217 pretio
1019 4139 1142 4212 emptos,
1237 4114 1247 4128 “

347 4259 479 4326 Cunctos
502 4279 596 4323 mares
620 4257 727 4322 domus
751 4279 837 4333 suae,

345 4386 384 4451 Et
407 4347 587 4451 circumcidit
608 4387 764 4472 praeputia
787 4386 921 4468 ipsorum
