3152 5160
854 272 926 345 132

330 480 457 548 radicem
478 483 615 569 proxime
637 483 765 568 respicit.
799 479 909 546 Forma
932 492 1028 546 autem
1045 478 1183 545 vocabuli
1198 483 1325 568 propius
1340 480 1452 546 accedit

331 607 369 671 ad
391 603 474 712 ἾΨᾎ,
499 619 529 671 et
549 605 613 673 ficri
634 617 735 694 potest
757 619 792 672 ut
814 605 917 671 ambae
939 609 1077 672 notiones
1099 609 1131 670 in
1154 609 1320 694 composito
1336 605 1454 672 Iera-el

331 736 553 810 contineantur3
582 754 650 797 nam
674 736 725 820 qui
748 729 937 819 probitotem
960 733 1030 797 colit
1052 754 1150 797 coram
1174 731 1253 810 Deo,
1283 733 1308 796 is
1333 743 1450 796 cortea

330 857 393 923 Deo
415 856 563 946 savorem
590 871 620 922 et
650 859 889 923 benedictionem
917 860 1030 945 accipit.
1077 857 1166 924 Haud
1189 857 1314 922 absimili
1337 859 1452 944 cogita·

329 985 443 1048 tionum
461 986 601 1048 societate
616 981 793 1049 vocabulum
810 989 914 1090 Πρζζ,
938 997 974 1048 ut
988 986 1060 1049 satis
1075 997 1180 1048 notum
1197 997 1256 1061 est,
1280 1004 1343 1047 non
1357 980 1450 1046 modo

323 1109 429 1200 ſsdom
443 1107 498 1174 Dei
520 1107 768 1187 benevolentiam,
793 1132 896 1174 verum
919 1113 1005 1175 etiam
1019 1113 1099 1197 piam
1114 1111 1243 1175 hominis
1253 1107 1355 1200 fidem
1369 1129 1451 1172 com·

328 1233 476 1320 plectitur.

417 1359 457 1423 Et
485 1352 527 1423 sic
555 1357 650 1424 lausto
679 1381 713 1423 ac
741 1359 863 1424 feliciter
892 1360 1013 1448 explicit
1040 1360 1170 1425 secunda
1196 1359 1353 1424 Jasharani
1381 1357 1450 1423 libri

328 1505 408 1572 pars.
442 1484 543 1549 Prima
557 1484 645 1549 nobis
662 1483 839 1550 exhibuerat
852 1485 1016 1563 hominem,
1042 1488 1094 1573 qui
1103 1485 1223 1572 probor
1238 1479 1337 1589 (ἾΨΞ)
1353 1482 1450 1548 lactus

330 1621 420 1688 esset,
445 1608 542 1674 aDeo
565 1609 787 1688 desciscentem,
812 1623 937 1700 propter
959 1613 1054 1675 carnis
1078 1613 1354 1698 concupiscentiam.
1394 1608 1451 1673 Hic

327 1738 376 1799 via
399 1738 539 1823 aperitur,
563 1758 617 1824 por
640 1757 727 1824 quam
750 1736 841 1801 homo
865 1739 971 1801 iterum
987 1737 1109 1822 probeo
1122 1736 1182 1800 fiet.
1216 1735 1260 1800 lbi
1275 1738 1306 1800 in
1320 1737 1450 1824 imagine

328 1859 383 1924 Dei
408 1871 521 1924 creatus
547 1860 584 1925 ad
607 1860 774 1927 inferiorem
798 1860 996 1926 conditionem
1020 1860 1130 1926 labitur
1152 1861 1253 1926 homo.
1288 1861 1344 1926 Hic
1365 1860 1449 1925 Deus

328 1984 485 2073 pollicetur
514 2007 545 2050 se
568 1989 645 2050 inter
667 1987 801 2052 homines
824 1986 1045 2052 tabernaculum
1070 2003 1157 2051 suum
1179 1990 1358 2086 positurum.
1404 1986 1449 2050 lbi

329 2134 344 2176 e
368 2124 529 2205 conspectu
544 2111 676 2177 lehovao
700 2106 745 2216 (ij
768 2118 870 2206 ᾯΙᾩ,
897 2110 969 2177 Gen.
985 2111 1036 2190 IV,
1056 2107 1110 2194 ll)
1134 2111 1235 2176 exulat
1249 2111 1395 2190 Adamus,
1419 2124 1451 2175 et

327 2250 432 2325 portae
454 2237 563 2302 Edonis
588 2208 817 2302 occluduntur..
840 2237 896 2301 Hic
917 2237 1029 2302 Peoiel
1048 2241 1068 2300 i.
1085 2259 1110 2300 e.
1123 2236 1236 2326 socier,
1254 2239 1448 2324 praescotia,

328 2375 358 2428 et
372 2361 473 2450 favor
493 2362 624 2427 Jehovae
653 2365 758 2427 iterum
785 2367 861 2426 inter
884 2362 1019 2427 hominos
1043 2365 1249 2440 constituitur,
1278 2376 1307 2427 ot
1330 2362 1408 2426 scala
1432 2384 1449 2426 a

328 2489 411 2554 coelo
435 2488 586 2554 descendit
608 2510 661 2575 per
684 2509 772 2575 quam
784 2489 836 2575 pii
852 2510 885 2553 ac
898 2489 995 2575 probi
1009 2489 1142 2553 homines
1158 2488 1196 2552 ad
1211 2508 1309 2553 veram
1325 2485 1448 2570 Betbel,

327 2619 346 2679 i.
363 2638 388 2679 e.
413 2613 469 2679 Dei
492 2612 608 2690 aedem,
634 2616 694 2678 sint
716 2617 875 2680 ascensuri.
