3166 5178
820 340 871 414 40

467 552 548 639 Ergo
571 550 641 616 tulit
663 549 699 616 de
721 547 821 614 fructu
844 549 908 635 ejus
931 547 1123 626 accomodo,
1212 615 1220 622 ,

468 673 615 764 Deditquc
630 677 695 740 viro
712 693 833 761 quoquo
857 695 912 738 suo
934 695 993 738 una
1012 695 1078 738 cunr
1093 676 1173 759 ipsa,
1197 685 1228 740 et
1242 677 1267 738 is
1284 693 1403 763 quoquc

925 797 1060 862 comedit.

287 943 391 990 centu.
415 942 447 998 [η
472 925 550 990 Tum
573 945 645 988 vero
669 925 762 1009 aperti
786 933 857 988 sunt
879 919 1035 990 amborum
1059 920 1152 996 oculi,

467 1049 507 1114 Et
529 1045 802 1113 animadvertebant
824 1065 856 1110 se
877 1044 977 1120 nudos
1000 1065 1073 1110 csse.

467 1172 511 1238 lbi
534 1175 667 1237 consutis
689 1171 763 1236 ficus
786 1168 866 1236 foliis
888 1146 1021 1236 scebrunt
1043 1167 1100 1234 sibi
1123 1168 1313 1259 subligacula.

414 1315 446 1369 [s]
472 1297 571 1380 Quum
593 1318 664 1361 vero
689 1295 853 1362 audiissent
873 1316 977 1360 vocem
999 1293 1131 1360 Jcbovac
1154 1294 1209 1360 Dei

470 1421 553 1504 Quae
576 1418 766 1508 gradiebatur
788 1423 820 1484 in
842 1419 931 1484 horto
955 1416 1012 1482 sub
1036 1439 1137 1484 auram
1160 1439 1314 1506 vesperae,
1380 1406 1384 1416 ’

470 1547 549 1611 Tum
572 1542 729 1608 abscondit
751 1566 781 1608 se
804 1543 896 1607 homo
920 1554 949 1606 et
970 1563 1051 1608 uxor
1074 1542 1137 1628 ejus

469 1671 499 1734 A
521 1669 591 1733 facie
614 1667 745 1732 Jchovae
767 1667 823 1732 Dei
845 1671 877 1732 in
899 1665 1003 1732 mediis
1025 1666 1107 1732 horti
1129 1665 1297 1734 arboribus.

414 1812 446 1866 [a]
470 1793 530 1860 Sed
553 1793 723 1858 acclamarit
744 1791 860 1856 Jchova
882 1791 963 1858 Deus
986 1791 1115 1869 homini,

468 1919 509 1983 Et
531 1918 608 1982 dixit
630 1920 656 1982 ci
680 1916 826 1982 »Ubinam
850 1914 924 1980 esi«

399 2059 446 2113 [ιο]
471 2043 550 2107 Tum
578 2041 640 2119 ille,
671 2041 855 2128 »Postquam
877 2039 1013 2116 audivit,
1037 2042 1148 2128 inquit,
1179 2061 1302 2104 »vocem
1323 2052 1405 2104 tuam

926 2166 957 2228 in
980 2165 1086 2241 horto,

469 2291 630 2366 Pertimui,
654 2301 759 2376 utpote
783 2292 835 2376 qui
857 2288 956 2352 nudus
979 2291 1051 2365 sim,
1075 2301 1105 2354 et
1128 2287 1270 2354 abscondi
1293 2311 1368 2354 me«

398 2432 446 2487 [ιι]
470 2417 518 2480 llic
542 2427 654 2492 autem,
679 2412 774 2497 »Quis
798 2411 940 2478 indicavit
960 2411 1016 2478 tibi
1038 2423 1067 2478 te
1089 2411 1204 2478 nudum
1227 2412 1313 2478 esse?

469 2540 548 2605 Num
573 2539 659 2604 edisti
683 2537 718 2602 de
742 2560 802 2625 qua
824 2560 861 2604 ne
885 2537 1050 2604 comederes
1072 2535 1127 2602 tibi
1149 2537 1395 2624 praeceperami«

401 2682 449 2736 [ra]
472 2665 617 2752 Dixitque
639 2664 746 2728 homo:
771 2661 899 2726 »Mulier
921 2684 1010 2749 quarn
1032 2662 1105 2726 mibi
1128 2665 1295 2739 associasti,

471 2789 516 2853 Ea
537 2788 609 2851 mihi
633 2786 714 2850 dedit
736 2785 772 2848 de
795 2784 894 2850 fructu
916 2785 995 2852 illius
1019 2785 1133 2852 arboris
1157 2800 1187 2852 ct
1209 2786 1353 2852 comedi·

399 2928 446 2982 [re]
471 2911 549 2975 Tum
573 2909 650 2974 dixit
664 2909 780 2974 Jehova
794 2908 875 2974 Deus
897 2910 1026 2976 mulieri:
1051 2910 1170 2993 »Quare
1192 2911 1251 2976 hoc
1270 2911 1405 2978 iecistii’«

400 3089 402 3096 ι
470 3034 522 3101 iila
543 3032 834 3121 autcmrespondit:
858 3033 1008 3122 »Serpens
1031 3035 1152 3104 seduxit
1172 3058 1234 3114 me,
1258 3050 1294 3102 ut
1310 3057 1405 3102 comc-

926 3159 1055 3226 derum«

401 3302 448 3356 [ιι]
471 3282 552 3371 Ergo
563 3283 680 3350 Jcbova
691 3282 772 3350 Deus
785 3289 915 3373 serpenti
926 3285 1017 3352 dixit:
1030 3283 1198 3368 »Quoniam
1211 3284 1304 3352 fecisti
1315 3286 1404 3364 istud,

472 3407 562 3474 Sacer
584 3421 618 3472 tu
641 3431 671 3474 es
695 3412 727 3474 in
750 3413 829 3476 omni
852 3410 965 3497 pecude
989 3423 1018 3476 et
1039 3409 1134 3478 bestia
1158 3414 1229 3498 agri.

472 3533 570 3621 Super
599 3546 729 3600 ventrem
757 3547 842 3598 tuum
871 3533 986 3600 incedes
1017 3547 1046 3598 ct
1079 3535 1231 3620 pulverem
1261 3536 1404 3614 comedes,

881 3655 887 3660 ’
927 3659 1069 3746 quamdiu
1091 3661 1184 3726 vives.

400 3796 447 3852 [rs]
470 3781 637 3845 Inimicitias
662 3794 759 3846 autem
782 3803 892 3868 ponam
915 3785 991 3872 inter
1013 3796 1043 3848 te
1066 3796 1096 3849 et
1117 3783 1284 3862 mulierem,

470 3904 549 3969 luter
571 3918 656 3969 tuum
679 3928 778 3972 semen
801 3919 831 3973 ct
853 3929 951 3972 semen
974 3908 1055 3992 ejus;

470 4029 535 4094 Hoc
550 4029 646 4093 laedet
660 4043 689 4094 tc
705 4033 735 4094 in
751 4035 859 4117 capite,
876 4044 911 4096 tu
923 4053 993 4096 vcro
1009 4031 1106 4096 laedes
1122 4033 1242 4100 illudio
1252 4035 1407 4099 cavitate·

401 4169 448 4223 [1⁶]
471 4154 590 4220 Mulieri
610 4176 681 4218 vero
706 4154 795 4220 dixit:
821 4153 966 4242 »Augebo
990 4155 1045 4222 tibi
1069 4158 1318 4245 quamplurimrun
1339 4181 1407 4248 gra·

929 4280 1059 4348 viditatis
1082 4282 1246 4360 molestias,

471 4400 511 4464 Et
533 4423 599 4466 cum
624 4400 727 4470 dolore
749 4402 859 4469 liberos
881 4407 989 4492 parics.
