3160 5170
613 415 823 529 —22—7—

159 622 348 708 (Geschichtc
372 621 830 714 d.V01kes1sraell‚p.159):
852 627 926 690 »das
949 649 1022 714 enge
1045 627 1107 692 und
1126 629 1189 693 lose
1213 627 1242 692 d.
1255 631 1275 692 i.

159 752 251 836 ollem
280 755 339 818 wie
361 754 420 816 wir
448 755 502 815 mit
530 751 694 816 tihnliehem
717 751 886 837 Lautspiele
908 774 969 815 von
992 775 1069 816 vorn
1097 753 1155 818 dus
1176 752 1278 820 chke

158 877 224 942 ond
244 877 362 944 Donec
384 899 505 964 sagene
551 875 691 942 Similiter
714 875 879 962 Sophocles
903 879 934 940 in
955 877 1058 964 Antig.
1074 875 1133 942 40:

292 1013 323 1072 cl
346 1006 416 1074 ci'oi
438 1007 630 1096 ταλαῖφρον,
653 1009 683 1071 el
702 1002 780 1072 τάδ’
793 1007 830 1074 ἒν
851 1005 991 1086 τούτοις,
1014 1005 1076 1089 ἐγῶ

177 1164 181 1170 -
292 1113 482 1182 λύοοσόἲν
504 1113 767 1200 ἢ’φα’πτοοσα
790 1119 993 1202 προσθείμην
1014 1114 1125 1182 πλέον.

158 1249 219 1316 Νοο
242 1251 298 1314 alia
321 1264 366 1314 cst
387 1251 437 1316 illa
459 1251 580 1336 liquudc'
601 1263 630 1314 et
650 1251 788 1315 soluendi
803 1263 935 1337 potestas
953 1247 985 1333 (i.
997 1273 1022 1314 e.
1040 1253 1138 1314 omnia
1153 1249 1277 1317 faciendi

159 1399 234 1464 quae
250 1376 289 1440 ad
303 1379 500 1461 receptionem
515 1388 545 1440 et
560 1375 728 1460 ejectionem
743 1375 956 1462 discipulorum
969 1371 1171 1462 pertinerent),
1189 1398 1277 1464 quam

159 1502 294 1566 ecelesiae
311 1521 381 1564 suae
398 1503 543 1564 concessit
557 1499 703 1565 Dominus
719 1512 821 1565 noster
837 1495 956 1582 (Matth.
972 1501 1084 1578 XVIII,
1100 1496 1164 1582 18).
1194 1501 1278 1567 Hanc

158 1626 401 1714 significationem
425 1624 585 1690 verborum
613 1625 682 1690 lusu
706 1625 869 1712 significare
893 1638 1017 1690 conatus
1041 1648 1121 1703 sum,
1150 1639 1186 1690 ut
1208 1627 1278 1690 olim

159 1749 350 1818 Godosrccins
364 1749 551 1814 Hermannus
576 1751 806 1837 disputationem
830 1750 977 1837 quandam
995 1773 1080 1816 snam
1094 1754 1279 1838 nuncuparit

159 1851 292 1964 »septem
321 1885 430 1960 operto
459 1885 567 1960 operto
595 1875 676 1962 apud
699 1875 899 1962 Aeschylum«
925 1873 1049 1962 (Opusc.
1064 1876 1115 1954 IV,
1139 1899 1169 1964 p.
1187 1871 1276 1958 333).

157 2001 247 2066 Errat
261 1999 413 2076 Eualdus,
438 2011 473 2062 ut
494 1999 566 2063 mihi
590 2000 709 2086 quidem
732 1999 858 2078 videtur,
883 2023 975 2089 quum
999 2023 1038 2066 ex
1060 2002 1116 2065 hac
1137 2001 1279 2089 loquendi

158 2125 301 2202 formula,
329 2147 416 2212 quam
439 2127 572 2188 imitatur
593 2123 661 2189 libri
682 2125 799 2212 Regum
822 2139 935 2203 auctor,
960 2139 1164 2214 argumentum
1187 2126 1280 2190 trahit

160 2273 231 2318 suae
261 2253 410 2337 opinionis
440 2249 476 2314 dc
505 2271 571 2314 sera
599 2250 693 2334 hujus
721 2253 825 2315 cantici
850 2254 971 2337 origine.
1017 2247 1107 2328 Nam,
1136 2263 1172 2315 ut
1193 2263 1279 2315 antea

161 2375 294 2452 ostendi,
325 2387 428 2440 auctor
454 2374 501 2438 isse
525 2375 685 2438 historicus
708 2373 816 2440 librum
839 2374 1064 2439 Deuteronomii
1086 2377 1209 2440 seorsim
1232 2375 1280 2440 vel

159 2500 269 2566 librum
291 2499 485 2564 lasharanum
517 2502 568 2585 qui
593 2511 707 2586 partem
731 2500 827 2564 saltim
849 2497 918 2562 libri
939 2498 1164 2564 Deuteronomii
1185 2500 1279 2564 inclu-

162 2624 264 2701 debat,
288 2627 330 2688 ita
353 2627 454 2689 citavit
476 2638 511 2688 ut
533 2627 585 2710 qui
607 2625 721 2688 nullum
744 2625 833 2688 alium
849 2623 997 2688 Mosaicee
1020 2623 1190 2711 disciplinae
1212 2624 1279 2688 fon-

160 2763 220 2815 tem
243 2750 323 2814 adire
346 2762 458 2836 posset.
505 2748 607 2814 Utram
635 2749 828 2836 hypothesim
852 2752 989 2814 statueris
1011 2772 1073 2814 non
1095 2751 1196 2836 potuit
1217 2771 1280 2814 non
1402 2789 1410 2800 -

162 2879 296 2951 novisse,
327 2887 371 2951 ct,
402 2878 428 2938 si
455 2872 572 2938 libitum
602 2887 678 2951 erat,
709 2877 818 2938 Imitari
846 2877 943 2939 nostri
971 2877 1074 2938 cantici
1103 2874 1278 2938 locutiones.

161 2998 340 3065 Debiliorem
369 2999 501 3084 ejusdem
527 3002 569 3063 rei
593 2999 835 3086 significationem
859 2999 930 3064 mihi
952 3003 1100 3064 invenisse
1122 2998 1228 3064 videor
1248 3001 1281 3064 in

165 3124 272 3212 lReg.
294 3124 403 3201 XVIII,
428 3122 623 3200 21,2t‚27
648 3125 685 3188 al.
710 3123 762 3189 nbi
784 3125 864 3189 Elias
887 3128 918 3188 in
941 3147 1013 3189 suos
1036 3147 1111 3189 usus
1135 3127 1281 3191 convertit

162 3249 251 3314 Dent
273 3249 402 3326 XXXII,
426 3246 583 3326 37-39,
615 3253 667 3337 qui
695 3250 779 3314 loeus
807 3253 838 3314 in
867 3261 972 3314 nostro
1002 3253 1114 3314 cantico
1142 3254 1280 3339 proxime

162 3374 301 3441 succedit.

251 3499 369 3564 Auctor
389 3499 498 3563 Psalmi
518 3498 598 3576 CVI,
623 3512 659 3563 ut
681 3496 765 3575 alibi,
795 3501 836 3560 ita
859 3517 949 3572 versu
969 3475 1028 3572 26,
1057 3499 1155 3560 nestri
1177 3501 1281 3561 cantici

164 3645 283 3690 versum
303 3622 348 3688 Io
375 3627 516 3688 imitetur.
562 3624 649 3688 Hune
677 3644 794 3688 versum
823 3622 943 3685 nonnisi
966 3619 1162 3706 jurisjurandi
1192 3625 1283 3708 signi-

163 3749 331 3814 ficationem
354 3752 519 3826 continere,
544 3748 706 3813 ostendunt
729 3746 802 3812 Gen.
819 3745 899 3823 XIV,
917 3744 969 3810 22.
997 3744 1096 3810 Exod.
1112 3745 1211 3824 XVII,
1231 3743 1282 3812 16.

166 3873 264 3957 Quum
282 3874 427 3961 particula
449 3878 507 3966 ΠΝ
530 3876 561 3936 in
572 3871 767 3958 jurejurando
784 3874 971 3959 negationem
987 3873 1134 3959 exprimat
1150 3864 1198 3951 (cf.
1216 3892 1240 3934 c.
1253 3892 1282 3957 g.

163 3999 214 4064 Pe.
230 3997 326 4075 XCV,
346 3995 415 4081 11),
447 4010 579 4084 praestat
600 4001 631 4062 in
654 4021 683 4061 v.
699 3994 740 4062 tt
770 3995 969 4062 conditionem
992 3996 1167 4082 intelligere,
1199 3997 1284 4082 cujus

165 4123 314 4210 epiodosin
337 4123 429 4188 verbo
453 4118 558 4226 ΜΝ
582 4125 776 4186 contineatur.

255 4249 363 4314 Varias
384 4250 642 4336 interpretationes
658 4235 817 4311 locutionis
833 4237 954 4336 l'tltl'lu
969 4234 1089 4336 usurp
1104 4265 1134 4307 v.
1146 4242 1191 4309 42
1206 4241 1287 4331 apud

165 4369 424 4442 Rosenmiillerum
447 4374 592 4436 invenies,
622 4371 656 4434 In
680 4369 898 4436 Commentario
923 4339 961 4433 ad
983 4368 1119 4433 Deborae
1142 4371 1288 4432 oanucum
1323 4415 1325 4420 -

168 4494 251 4581 (tud.
263 4497 303 4576 V,
322 4496 351 4576 1,
369 4493 518 4580 Zss—issl·
544 4495 698 4562 ostendam
721 4517 829 4562 nomen
851 4487 985 4599 nim,
1017 4497 1152 4580 quamvis
1175 4493 1289 4559 semini-

1023 4615 1075 4670 15⁹
