3164 5176
606 347 815 460 goa—

500 661 710 730 CANTICUM
733 661 926 732 TERTIUM.

147 825 283 900 Davides,
303 845 354 886 rex
375 828 464 886 factus
486 838 514 886 et
531 827 743 886 Philistaeorum
758 829 857 899 victor,
879 847 1000 888 summas
1022 831 1144 889 dehovac
1168 834 1270 908 gratias

564 935 777 992 venerabundus
792 938 857 1012 agit.

179 1229 184 1248 ,
273 1229 278 1240 .
651 1197 763 1250 snopnse

146 1261 307 1382 asam'milii
332 1307 376 1372 Te
400 1305 501 1394 diligo,
525 1305 650 1384 dehova,
675 1329 773 1372 meum
794 1306 903 1372 robur!

260 1437 306 1507 Ι[3]
328 1431 453 1508 Jehova,
477 1453 542 1494 mea
564 1454 664 1518 rupes,
690 1455 744 1496 arx
767 1454 840 1508 mea,
866 1444 895 1496 et
918 1432 1068 1510 liberator,

327 1555 408 1621 Dens
431 1578 523 1634 meus,
547 1569 631 1643 petra
654 1579 727 1635 mea,
752 1560 783 1620 in
807 1579 894 1645 quam
919 1556 1069 1645 coniugio,

327 1679 458 1769 Clypeus
481 1703 574 1758 meus,
600 1704 693 1746 cornu
716 1683 819 1746 salutis
842 1704 932 1761 meae,
956 1682 1040 1746 locus
1064 1684 1171 1762 editus,

325 1805 426 1871 Meum
448 1806 605 1893 refugium,
629 1806 666 1870 ab
690 1807 799 1892 injuria
821 1829 867 1872 me
891 1806 1058 1874 defendens.

270 1943 303 2005 [4]
325 1931 464 1996 Laudans
487 1934 595 1996 invoco
618 1931 772 2010 deboram,

325 2055 364 2122 Et
387 2055 424 2120 ab
447 2057 585 2123 hostibus
609 2057 750 2123 liberatus
774 2081 849 2123 sum.
878 2096 913 2106 -

645 2198 761 2252 stronte2.

268 2320 302 2381 [a]
325 2305 390 2372 darn
414 2306 665 2372 circumdederant
686 2331 732 2372 me
755 2307 864 2372 fluctus
887 2311 1002 2385 mortis,

215 2501 217 2506 ,
324 2431 460 2496 Flumina
481 2431 598 2498 Belialis
621 2455 667 2497 me
686 2434 748 2520 jam
772 2432 943 2498 obruerant.

268 2571 302 2633 [c]
324 2555 432 2622 Inferni
454 2559 579 2623 vinculis
597 2558 660 2642 jam
684 2580 761 2624 eram
785 2561 913 2634 vinctus,

324 2683 549 2772 Occupaverant
571 2706 617 2782 me
640 2684 738 2771 laquei
760 2687 875 2748 mortis.

266 2824 299 2885 [ι]
321 2810 376 2876 His
399 2813 431 2874 in
454 2812 597 2896 angustiis
621 2813 693 2874 meis
716 2809 862 2876 dehoram
883 2813 1029 2888 invocavi,

322 2935 371 3000 Ad
392 2936 489 2999 Deum
510 2958 607 3000 meum
630 2934 809 3001 vociferatus
833 2959 907 3001 sum.

261 3079 263 3082 ·
320 3062 370 3126 Ille
393 3031 464 3125 uero
488 3084 503 3126 e
526 3061 636 3148 palatio
660 3085 716 3128 suo
741 3084 843 3128 vocem
865 3085 959 3128 meam
983 3061 1146 3140 exaudivit,

322 3186 361 3252 Et
383 3187 493 3251 clamor
514 3207 597 3251 meus
624 3209 719 3274 usque
743 3187 782 3252 ad
804 3210 890 3254 aures
913 3189 977 3275 ejus
999 3192 1175 3276 penetravit.
1205 3227 1239 3240 -

642 3327 759 3379 Stroebefl.

265 3451 298 3512 [a]
321 3437 364 3502 Ibi
387 3450 449 3502 tum
474 3457 618 3502 concussa
641 3447 738 3500 estet
761 3439 939 3502 contremuit
960 3435 1057 3514 tellus,

318 3563 358 3628 Et
380 3561 570 3628 fundamenta
592 3565 737 3644 montium
761 3561 1032 3626 commovebantur.

318 3688 516 3754 Vehementer
531 3686 815 3774 conquassabantur,
831 3690 900 3774 quia
914 3691 959 3751 ira
974 3688 1037 3774 ejus
1053 3686 1255 3752 exaestuabat.

260 3829 293 3886 [or
317 3812 410 3879 Nares
435 3815 498 3900 ejus
521 3812 683 3890 fumabant,
709 3835 742 3876 os
759 3814 821 3900 ejus
838 3816 935 3901 ignem
951 3813 1066 3881 edacem
1082 3813 1254 3894 exhalabat3

317 3937 450 4004 Exibunt
471 3937 508 4002 ab
532 3960 567 4003 eo
592 3939 728 4004 ardentes
751 3960 880 4025 prunae;

246 4081 294 4138 [ιο]
317 4064 480 4132 inclinabat
502 4064 625 4142 coelum,
650 4078 680 4130 et
702 4064 905 4130 descendebat.

318 4190 422 4279 Caligo
447 4195 510 4256 erat
532 4189 588 4256 sub
611 4189 737 4279 pedibus
761 4192 834 4277 ejus.

245 4335 293 4390 [11]
315 4315 501 4404 lnequitabat
525 4315 675 4394 Cherubo,
701 4330 730 4381 ct
752 4315 882 4393 volabat,
945 4375 947 4382 ,

281 4487 286 4492 -
315 4440 437 4529 Nempe,
463 4463 552 4532 super
575 4444 627 4510 alis
651 4446 731 4510 venti
754 4440 911 4509 ferebatur.
