3172 5186
757 335 969 448 Q

324 629 326 634 ,
391 547 424 614 ln
453 558 536 612 sexta
562 546 687 634 stropha
718 541 786 629 (vv.
809 544 967 630 29—36)
996 545 1165 614 Praefectus
1194 547 1278 613 chori
1304 549 1425 628 iterum,

303 684 444 758 tanquam
466 675 658 737 concionator
672 673 789 760 aliquis,
814 686 987 761 suggestum
1011 671 1191 751 conscendit,
1215 679 1305 761 atque
1321 697 1426 739 omnes

303 795 490 861 Jehovieolas
524 797 561 860 ad
595 809 706 862 tantam
734 797 824 885 hujus
853 797 908 862 Dei
937 800 1118 884 majestatem
1147 799 1365 887 agnoscendam
1394 812 1427 863 et

302 935 469 986 reverenter
497 921 698 988 celebrandam
727 925 843 988 excitat.
882 924 1068 989 Vaticinatur
1096 927 1151 988 iste
1181 926 1268 988 simul
1298 938 1327 988 et
1354 947 1425 1011 pre-

304 1058 396 1112 catur.
431 1046 486 1111 Dei
508 1047 651 1112 auxilium
675 1060 704 1112 et
725 1049 865 1134 implorat
887 1061 916 1113 et
931 1052 1086 1136 promittit.
1116 1048 1305 1114 Praesentem
1320 1049 1423 1136 templi

302 1169 565 1257 Hierosolymitani
579 1172 713 1261 gloriam,
731 1185 884 1238 venturam
896 1196 981 1238 verae
998 1174 1160 1261 relligionis
1172 1177 1422 1263 propagationem

303 1294 444 1375 declarat3
469 1310 500 1361 et
520 1318 612 1384 paene
635 1310 800 1385 auguratur
814 1291 948 1363 futurum
969 1313 1004 1362 ut
1018 1321 1108 1387 regna
1124 1300 1214 1386 hujus
1230 1299 1334 1364 mundi
1350 1299 1423 1364 liant

302 1442 393 1508 regna
413 1422 546 1486 Jehovae
569 1435 598 1486 et
621 1420 732 1487 Christi
755 1425 819 1509 ejus
844 1419 952 1510 (Apoe.
968 1424 1020 1501 ΧΙ,
1041 1420 1104 1506 15).

390 1546 525 1635 Denique
546 1551 704 1612 universus
729 1545 848 1612 Chorus
877 1548 963 1636 plena
986 1571 1060 1614 voce
1088 1552 1226 1615 succinit:
1255 1548 1423 1614 Laudatur

301 1671 410 1738 Deus!
433 1685 461 1737 et
483 1673 603 1739 assiduo
628 1686 717 1738 cantu
738 1686 868 1739 resonat.

389 1921 437 1988 Ex
459 1925 515 1988 hae
537 1927 720 1990 enarratione
736 1922 860 2002 videbis,
885 1925 1003 2011 opinor,
1026 1922 1100 1988 nihil
1122 1925 1171 1989 hio
1188 1925 1274 2011 justo
1299 1945 1332 1988 ao
1346 1924 1419 2011 legi·

300 2049 372 2111 timo
401 2052 530 2135 poemati
558 2053 637 2113 omni
661 2072 698 2114 ex
720 2062 804 2137 parte
827 2048 966 2114 absoluto
991 2047 1106 2125 deesse,
1138 2053 1236 2114 omnia
1258 2063 1356 2114 autem
1380 2049 1418 2114 ad

300 2173 400 2259 templi
424 2171 636 2238 dedicationem
659 2186 728 2260 apta
751 2195 824 2238 esse.
859 2171 981 2260 Nequeo
1005 2177 1096 2262 igitur
1119 2177 1255 2240 assentiri
1275 2175 1416 2240 Maurero

299 2320 360 2361 non
389 2298 478 2362 modo
507 2320 598 2386 quum
627 2299 703 2362 hanc
732 2298 903 2362 cantilenam
930 2311 1002 2385 post
1029 2312 1196 2386 reparatum
1225 2322 1243 2362 a
1271 2298 1416 2364 defunctis

300 2423 404 2487 exsilio
427 2425 569 2511 templum
593 2423 774 2489 decantatam
790 2445 853 2488 esse
871 2423 996 2510 judicat,
1021 2427 1229 2490 verumetiam
1245 2445 1338 2512 quum
1353 2445 1416 2486 eam

300 2547 506 2614 »artificiosius
530 2571 617 2636 quam
641 2549 801 2637 elegantius
826 2570 963 2613 carmen«
988 2549 1198 2614 contumeliose
1222 2549 1359 2637 appellat.

386 2673 540 2762 Expositis
550 2675 597 2738 his
611 2674 748 2739 omnibus
762 2674 835 2738 nihil
843 2675 905 2760 jam
918 2695 1071 2760 superesse
1084 2675 1142 2739 hoc
1153 2675 1219 2738 loeo
1233 2675 1303 2738 mihi
1315 2672 1412 2750 video,

299 2820 387 2886 quam
398 2812 543 2864 utversus
553 2799 699 2887 quosdam
710 2799 910 2887 impeditiores
920 2800 1102 2887 philologico
1113 2802 1241 2864 examini
1250 2797 1414 2886 subjiciam.

385 2923 419 2988 In
436 2922 504 2989 nd
526 2923 617 2990 hahes
633 2924 825 2989 Jasharanam
848 2925 939 3011 hujus
963 2927 1098 2989 carminis
1121 2924 1260 2989 indolem.
1295 2923 1414 2988 Probos

298 3060 327 3112 et
344 3049 445 3133 justos
467 3047 583 3112 Jehova
613 3071 667 3114 sua
689 3050 781 3114 tutela
803 3049 894 3115 fovet.
934 3049 1011 3115 Hinc
1034 3071 1146 3114 summa
1168 3050 1218 3114 illa
1241 3047 1413 3114 Solomonei

296 3175 379 3259 regni
402 3171 532 3249 felicitas,
557 3195 641 3260 quae,
667 3197 734 3240 arca
756 3178 786 3239 in
810 3175 950 3263 templum
967 3174 1117 3251 translata,
1142 3173 1180 3238 ad
1194 3173 1346 3261 fastigium
1361 3172 1413 3236 diu

296 3309 445 3382 speratum
463 3311 568 3362 evecta
590 3312 643 3364 est.
679 3297 720 3364 Ut
742 3313 827 3366 antea
849 3303 966 3376 notavi,
994 3299 1129 3364 ultimum
1152 3299 1211 3363 hoc
1233 3298 1413 3363 Jasharanae

296 3422 475 3487 collectionis
505 3446 611 3511 poema
633 3423 771 3512 frequens
795 3427 892 3489 estin
916 3424 1039 3489 citandis
1063 3425 1126 3488 aliis
1151 3423 1283 3510 ejusdem
1306 3424 1413 3488 antho-

294 3548 390 3635 logiae
419 3549 579 3614 cantilenis.
619 3549 716 3614 Etiam
744 3553 896 3637 antiquior
918 3549 967 3613 illa
996 3547 1091 3614 forma
1113 3555 1156 3652 n]
1177 3571 1226 3613 vv.
1249 3547 1284 3625 5,
1310 3545 1412 3613 iliad

293 3671 391 3737 Exod.
408 3674 476 3750 XV,
494 3673 514 3737 2
538 3687 660 3760 spectat,
685 3696 772 3762 quem
795 3675 892 3740 locum
908 3673 1019 3738 Jesaias
1043 3695 1164 3761 quoque
1179 3676 1343 3738 imitatione
1359 3694 1412 3737 ex·

293 3801 401 3894 pressit
424 3794 510 3880 (Xll,
528 3794 571 3880 2).
610 3799 700 3864 Recte
722 3813 824 3865 monet
844 3798 1001 3864 Maurarus
1025 3791 1104 3903 ἹὮΨ
1127 3800 1198 3902 ΠΣΞ
1219 3798 1340 3864 relative
1363 3819 1412 3861 ca-

291 3923 399 4010 pienda
422 3945 494 3988 esse.
523 3921 673 3990 Versusll
697 3925 735 3989 ad
758 3923 953 3990 Jasharanum
975 3894 1185 4012 Fragmentum
1205 3900 1293 3988 Deut.
1309 3922 1349 3998 X,
1369 3919 1411 3986 18

292 4059 391 4135 aperte
405 4052 534 4134 respicit.
563 4047 611 4114 Ex
626 4072 655 4113 v.
673 4046 692 4111 7
708 4049 839 4129 Hannae,
865 4049 947 4138 quod
963 4062 1096 4126 vocatur,
1120 4051 1265 4114 canticum
1282 4043 1313 4130 (1
1327 4045 1408 4112 Sam.

290 4173 324 4250 Il,
342 4170 376 4254 5)
399 4176 669 4261 interpretationem
692 4179 805 4263 accipit,
830 4187 859 4240 et
881 4175 962 4240 vides
985 4174 1063 4238 illam
1086 4174 1266 4238 locutionem
1288 4193 1349 4236 non
1373 4169 1410 4234 de

292 4301 430 4385 quapiam
452 4297 569 4377 lemine,
593 4321 668 4387 quae
692 4313 777 4366 antea
800 4301 907 4366 sterilis
930 4298 1045 4378 fuisset,
1070 4298 1123 4365 sed
1146 4298 1183 4364 de
1204 4300 1338 4386 potentia
1352 4296 1408 4361 Dei

291 4425 322 4485 in
345 4445 451 4509 genere
473 4424 691 4513 intelligendam
714 4429 798 4492 esse(
