3160 5170
697 450 699 456 ,
748 345 955 458 ...m-

475 561 515 626 Et
537 560 647 626 oblitus
670 579 701 624 es
724 558 779 622 Dei
803 558 942 621 creatoris
965 559 1019 621 tui.

477 687 558 774 Ergo
582 683 658 750 vidit
678 683 793 748 Jebova
816 695 846 745 et
867 681 969 765 rejecit
990 701 1051 756 eos,

474 811 549 875 Prae
572 813 617 874 ira
639 831 698 897 qua
721 812 751 872 in
773 807 851 870 filios
875 827 948 870 suos
969 805 1105 892 filiasque
1127 817 1293 870 commotus
1318 816 1373 882 est,

404 951 454 1014 [co]
476 937 516 1001 Et
538 935 628 1000 dixit:
654 931 864 999 »Abscondam
885 930 988 994 faciem
1009 951 1103 994 mecm
1126 928 1163 995 ab
1186 929 1251 1007 illis,

476 1059 593 1126 Videbo
618 1062 670 1146 qui
693 1061 733 1123 sit
754 1056 873 1122 lirturus
897 1077 1001 1120 eorum
1024 1058 1132 1121 exitus.

475 1183 550 1251 Nam
572 1186 723 1272 generatio
745 1201 885 1270 perversa
908 1192 979 1245 sunt
1000 1179 1051 1258 illi,

475 1311 542 1375 Filii
564 1313 596 1373 ln
619 1308 728 1396 quibus
751 1330 813 1371 non
836 1319 881 1371 est
903 1308 1021 1371 veritas.

404 1451 452 1512 [rc]
475 1437 519 1502 llli
542 1456 588 1499 me
610 1437 641 1498 in
664 1433 759 1498 zelum
783 1442 1006 1496 commoverunt
1026 1452 1081 1516 per
1103 1451 1165 1496 non
1184 1467 1219 1480 -
1238 1428 1345 1509 Deum,

474 1562 667 1627 Irritaverunt
688 1579 734 1622 me
757 1556 844 1621 idolis
869 1559 930 1620 suis
954 1555 1109 1633 inanibus:

474 1688 575 1774 ltaque
587 1707 642 1773 ego
655 1705 758 1748 eorum
774 1682 869 1749 zelum
880 1679 1052 1768 provocabo
1065 1701 1120 1768 per
1131 1703 1193 1746 non
1206 1717 1241 1730 --
1255 1682 1412 1768 populum,

474 1814 533 1877 Per
553 1823 670 1900 gentem
693 1805 935 1874 contemnendam
958 1829 1010 1871 eos
1032 1805 1167 1871 irritabo.

403 1939 553 2026 [actiguis
577 1939 654 2000 enim
675 1955 814 1998 accensus
839 1945 884 1998 est
904 1945 1028 2021 propter
1051 1935 1124 1998 iram
1146 1953 1248 2009 meam,
1275 1929 1278 1935 ’

474 2059 560 2146 Isque
584 2056 699 2124 ardebit
720 2081 816 2146 usquc
840 2057 878 2123 acl
900 2061 959 2122 ima
980 2069 1083 2133 terrae,

474 2183 621 2250 Absumet
642 2184 775 2250 tellurem
799 2206 864 2247 cum
887 2195 1036 2282 proventu
1060 2204 1126 2259 suo,

474 2309 513 2375 Et
535 2312 679 2373 montium
702 2307 892 2374 fundamenta
915 2306 1076 2373 comburet.

403 2450 452 2511 [ee]
477 2432 643 2501 Cumulabo
666 2438 697 2498 in
720 2456 771 2499 eos
794 2433 965 2510 inlortunia,

476 2562 549 2625 Tela
570 2581 634 2626 moa
658 2563 756 2624 omnia
778 2562 814 2624 iis
837 2556 1013 2647 impendam.

404 2705 450 2758 [aa]
475 2687 622 2752 Exhausti
645 2696 732 2748 erunt
753 2683 838 2761 lame,
863 2696 893 2749 et
915 2683 1064 2770 absumpti
1086 2696 1179 2772 peste,

473 2812 513 2876 llt
535 2812 626 2875 exitio
649 2811 808 2874 virulento.

473 2936 597 3001 Dentem
618 2934 780 3000 bestiarum
803 2937 839 2999 iis
862 2937 1016 3000 immittam

474 3060 540 3127 Une
562 3083 631 3134 cum
650 3082 764 3126 veneno
787 3063 952 3147 repentium
974 3063 1004 3124 in
1028 3062 1159 3148 pulvere.

402 3204 449 3258 [co]
472 3187 560 3251 Foris
583 3185 702 3252 orbabit
722 3185 838 3274 gladius
863 3198 892 3250 et
913 3188 945 3249 in
966 3186 1166 3274 penetralibus
1190 3200 1294 3264 terror,

474 3311 573 3396 Quum
591 3314 717 3398 juvenes
739 3324 804 3376 tum
826 3313 966 3400 virgines,
990 3313 1130 3378 lactentes
1153 3327 1183 3379 et
1204 3333 1298 3378 senes.

400 3455 447 3509 [re]
470 3437 620 3503 Dicerem:
650 3437 810 3523 Dispellam
833 3459 894 3514 eos,

471 3562 583 3628 Delebo
608 3585 645 3627 ex
668 3561 838 3626 hominibus
863 3584 966 3627 eorum
988 3566 1168 3642 memoriam,

402 3704 448 3758 [rr]
471 3684 537 3752 Nisi
560 3686 668 3752 fastum
691 3688 823 3751 hostium
846 3709 971 3765 vererer,

470 3811 515 3876 Ne
538 3810 639 3875 alienis
662 3812 726 3876 Diis
748 3812 858 3878 factum
879 3812 1045 3879 tribuerent
1066 3815 1168 3880 hostes
1192 3838 1304 3882 eorum.

470 3936 514 4001 Ne
538 3936 682 4003 dicerent:
705 3959 809 4002 manus
833 3951 937 4002 nostra
958 3915 1055 4002 valida
1078 3952 1132 4016 est,

471 4062 586 4127 lehova
609 4077 706 4130 autem
730 4065 801 4128 haec
825 4067 923 4128 omnia
946 4087 1007 4128 non
1029 4067 1168 4152 patravit.

400 4207 446 4262 [ac]
469 4186 545 4254 Nam
568 4194 648 4255 natio
673 4203 727 4268 est,
752 4211 827 4278 quae
851 4193 913 4255 suis
936 4193 1014 4278 perit
1036 4191 1176 4269 consiliis,

470 4314 573 4403 Neque
595 4316 656 4380 ulla
678 4318 713 4380 iis
736 4319 814 4380 inest
835 4315 1002 4404 prudentie.

398 4457 445 4511 [²9]
470 4439 496 4506 0
520 4445 545 4505 si
568 4454 720 4529 saperent:
745 4454 809 4507 tum
831 4443 1027 4531 intelligerent
1049 4443 1116 4521 hoc,
