3152 5160
672 364 742 440 121

146 575 253 660 ligiosa
276 573 344 638 inde
368 574 499 638 derivata
521 576 626 662 pietas.
672 573 747 640 Nam
770 575 872 642 ismael
896 578 1029 665 quidem,
1058 602 1096 645 ex
1117 581 1267 669 Aegyptia

146 699 247 786 pellice
271 711 450 786 prognatus,
475 675 669 787 Aegyptiam,
694 704 796 766 matris
822 703 960 781 consilio,
986 705 1185 772 conditionem
1208 707 1265 774 sibi

147 824 292 888 conciliat.
326 823 365 888 Et
379 824 511 902 Esavus,
531 829 584 912 qui
601 825 735 891 ducendo
753 830 785 892 in
801 829 1020 894 matrimonium
1034 828 1184 896 Chittaeas
1200 855 1266 898 mu-

146 948 229 1014 lieres
253 971 359 1037 magna
381 963 517 1036 parentes
541 973 612 1016 suos
632 952 815 1039 aegritudine
832 953 966 1021 affecerat
987 950 1074 1037 (Gen.
1086 956 1197 1035 XXVI,
1211 955 1263 1026 35.

144 1072 274 1151 XXVII,
292 1071 358 1158 46),
383 1075 508 1153 casdem,
532 1088 568 1141 ut
584 1075 757 1155 videbimus,
783 1091 866 1165 aptas
883 1069 1045 1159 existimat,
1071 1081 1180 1168 quibus
1197 1107 1266 1150 san·

145 1200 333 1287 guinolentas
361 1200 507 1266 vindictae
535 1202 740 1268 meditationes
771 1193 928 1291 impertiat.
974 1205 1017 1272 At
1044 1207 1176 1285 Isaaous,
1206 1209 1265 1274 Te-

145 1326 278 1390 rachicae
307 1325 397 1391 Sarae
428 1340 532 1405 natus,
569 1328 700 1415 ejusdem
729 1333 886 1416 prosapiae
915 1353 1054 1410 uxorem,
1091 1333 1262 1413 Rebeccam,

143 1454 227 1537 petit.
274 1451 314 1518 Et
342 1451 442 1521 eadem
469 1453 603 1518 Rebecca
631 1457 660 1518 in
690 1477 778 1520 causa
809 1468 868 1533 cst,
905 1479 957 1522 cur
984 1455 1129 1536 Jacobus,
1166 1483 1261 1549 quem,

144 1575 247 1640 divino
277 1578 397 1642 oraculo
427 1577 583 1656 obediens,
615 1583 794 1668 principatui
821 1580 972 1669 relligioso
1004 1582 1216 1664 destinaverat,
1248 1609 1263 1652 e

142 1699 261 1767 filiabus
284 1701 397 1768 Labani
421 1705 561 1770 avunculi
584 1707 629 1770 sui
655 1704 728 1771 duas
751 1699 872 1772 uxores
887 1720 1023 1772 sumeret.

235 1827 294 1910 Qui
317 1829 429 1894 ethicos
454 1829 545 1916 hujus
569 1830 785 1919 dramaturgiae
806 1854 904 1898 mores
927 1811 1123 1913 insectantur,
1154 1849 1182 1902 et
1204 1836 1263 1903 Re·

142 1953 248 2018 beccae
265 1952 428 2044 Jacobique
451 1953 563 2020 vairam
586 1960 725 2023 astutiam
748 1958 786 2024 ad
804 1955 989 2024 Christianae
1012 1960 1177 2027 honestatis
1199 1975 1263 2028 tru-

142 2082 235 2144 tinam
259 2083 401 2167 castigare
421 2082 538 2158 volunt,
563 2085 585 2146 ii
606 2082 739 2169 proiecto
763 2107 825 2149 non
848 2088 920 2150 satis
943 2086 1113 2173 intelligenti
1135 2088 1263 2176 relligio·

143 2227 204 2270 sam
235 2227 269 2270 ae
295 2207 474 2272 rationalem
502 2210 595 2285 totius
623 2208 681 2272 loci
709 2213 891 2274 sententiam.
941 2207 1047 2276 Omnia
1073 2212 1203 2299 pendent
1225 2236 1263 2280 cx

144 2331 280 2408 oraculo,
314 2355 375 2421 quo
403 2332 518 2397 Jehova
546 2332 694 2399 Rebeccae
721 2338 968 2422 pronuntiaverat
997 2359 1028 2401 se
1056 2359 1118 2402 non
1146 2350 1262 2407 tantum
1338 2305 1343 2313 .

142 2460 277 2544 geminos
300 2479 420 2545 pueros,
445 2458 497 2524 sed
520 2457 593 2524 duas
617 2472 719 2546 gentes
742 2463 774 2524 in
795 2472 881 2525 utero
906 2473 1036 2548 gestare,
1061 2483 1190 2548 quorum
1207 2467 1262 2529 mi·

143 2605 245 2648 norem
268 2582 349 2648 Deus
377 2584 639 2671 praedestinasset,
670 2587 717 2648 cui
747 2583 896 2649 ecclesiam
922 2607 1007 2650 suam
1029 2587 1262 2672 promovendam

144 2711 352 2786 committeret,
389 2709 511 2787 scilieet,
549 2713 595 2773 eui
625 2707 726 2775 Shemi
759 2708 995 2776 benedictionem
1028 2725 1122 2778 ratam
1155 2711 1263 2779 faceret

144 2830 230 2918 (Gen.
251 2833 351 2912 XXV,
369 2830 435 2917 23).
481 2835 529 2900 Ex
558 2848 701 2923 quattuor
729 2839 880 2923 personis,
911 2858 1036 2925 quarum
1063 2851 1162 2925 partes
1183 2851 1263 2903 sunt

144 2962 173 3024 in
198 2960 257 3024 hoc
280 2959 424 3038 dramate,
455 2964 599 3027 neminem
623 2965 758 3048 oportuit
785 2965 923 3075 ignorare
947 2964 1020 3052 quid
1041 2963 1074 3028 id
1096 2963 1153 3029 sibi
1176 2964 1263 3030 vellet
1327 2943 1328 2946 Ἴ

145 3086 307 3154 oraculum.
342 3083 402 3151 Sed
426 3107 519 3174 quum
533 3085 649 3151 Esavus
673 3091 857 3175 contemptui
880 3087 1000 3154 duceret
1023 3103 1051 3156 et
1070 3089 1263 3177 vilipenderet

143 3214 352 3300 praerogativa
373 3215 486 3289 aetatis,
509 3213 626 3276 lsaacus
651 3225 748 3278 autem
771 3213 809 3277 ad
827 3217 943 3280 irritum
958 3214 1090 3302 redigere
1106 3229 1262 3282 conaretur

144 3338 286 3413 disertum
314 3337 388 3402 illud
416 3341 545 3424 supremi
568 3336 704 3402 Numinis
731 3341 937 3424 propositum,
969 3343 1039 3427 quia
1062 3362 1148 3406 carne
1169 3340 1263 3406 serina

142 3462 232 3528 Rsavi
262 3461 475 3542 delectabatur,
504 3461 637 3528 Rebecca
667 3462 799 3550 quidem,
831 3466 908 3528 sicut
935 3463 1028 3528 Beata
1049 3463 1160 3541 Maria,
1191 3487 1262 3529 eon-

144 3588 283 3654 servabat
306 3590 403 3653 omnia
425 3586 516 3652 verba
529 3587 611 3653 baec
633 3590 664 3652 in
688 3586 776 3652 eorde
799 3610 855 3653 suo
880 3583 964 3670 (Luc.
980 3587 1019 3665 Π,
1038 3584 1104 3671 51),
1129 3601 1159 3654 et
1175 3589 1262 3654 Jaco-

143 3714 200 3780 bus
235 3682 378 3800 primum,
415 3683 597 3778 occasionem
625 3726 745 3790 nactus,
782 3713 873 3778 Esavi
900 3717 1123 3801 praerogativas
1153 3737 1170 3779 a
1197 3715 1261 3780 Deo

144 3838 200 3904 sibi
229 3839 389 3904 destinatas
417 3841 563 3926 mancipio
594 3841 713 3926 accipit,
750 3837 869 3916 deinde,
902 3841 1003 3903 matris
1033 3853 1101 3905 astu
1130 3840 1260 3927 adjutus,

143 3964 376 4030 benedictionem
404 3967 512 4051 patris,
543 3985 618 4050 quae
641 3964 712 4050 jura
741 3967 991 4052 primogeniturae
1018 3967 1102 4052 sequi
1126 3963 1260 4042 debebat,

143 4089 242 4156 Esavo
271 4093 422 4177 praeripit.
470 4087 597 4156 Constat
622 4091 713 4176 igitur
735 4087 897 4154 Rebeccam
920 4103 949 4154 et
970 4087 1115 4154 iacobum
1137 4091 1168 4152 in
1191 4110 1263 4176 sup-

143 4215 305 4303 plantando
328 4214 429 4280 Esavo
459 4214 533 4279 nihil
563 4217 657 4302 egisse
685 4217 742 4280 nisi
772 4219 874 4280 πίστει
904 4217 959 4278 καὶ
984 4215 1058 4296 περὶ
1079 4208 1263 4296 μελλόντων

146 4337 212 4428 (Ep.
230 4339 268 4404 ad
283 4337 374 4404 Hebr.
389 4339 449 4418 XI,
467 4335 538 4422 20),
561 4340 693 4404 Isaacum
715 4352 828 4418 autem,
859 4351 982 4427 propter
1005 4337 1149 4402 ruralem
1172 4359 1263 4426 appe·

144 4467 216 4532 titus
245 4464 472 4554 indulgentiam,
502 4465 629 4533 ferocem
652 4479 821 4534 venatorem
848 4466 913 4530 miti
941 4464 1055 4551 pastori
1077 4462 1261 4552 praetulisse,
1337 4531 1346 4543 ,
