3160 5170
768 320 976 435 Q

309 533 436 598 Easdem
454 532 646 617 jubilationes
670 532 772 618 templi
794 534 1044 596 consecrationem
1068 529 1228 594 celebrasse
1245 532 1344 616 quivis
1361 551 1432 594 con-

312 662 431 724 cesserit
454 653 533 739 (vide
556 657 663 720 Psalm.
680 656 818 734 LXVHI,
836 655 877 720 25
895 651 984 742 sqq.).
1031 655 1070 719 llt
1093 667 1204 719 certum
1227 667 1272 719 est
1296 654 1374 718 hauc
1396 654 1432 718 de

312 786 424 846 cunctis
446 783 584 846 Israelitis
607 780 854 869 praedicationem
878 804 940 844 nou
962 783 1096 866 potuisse
1121 778 1266 844 conscribi
1288 791 1362 866 post
1375 777 1433 842 Bc·

311 907 445 971 thclicam
468 906 546 969 illam
561 904 727 970 derobeami
750 905 957 970 idololatriam.
991 904 1036 968 lta
1058 916 1093 967 ut
1116 904 1164 968 hie
1186 925 1307 990 quoque
1330 916 1433 968 notam

311 1035 453 1117 temporis
483 1052 688 1118 agnoscamus.
735 1031 768 1093 ln
792 1054 821 1092 v.
839 1028 897 1106 22,
927 1032 981 1093 etsi
1011 1031 1116 1115 optimi
1143 1032 1317 1115 interpretes
1341 1031 1373 1092 in
1396 1050 1432 1092 eo

312 1158 500 1219 consentiunt
535 1154 617 1242 quod
651 1153 707 1218 sub
742 1158 861 1218 nominc
890 1160 973 1223 nnn
1001 1175 1062 1218 uon
1089 1163 1300 1238 monocerote,
1335 1172 1433 1238 neque

312 1302 436 1366 orygem
459 1279 505 1342 vel
529 1280 614 1342 aliam
637 1279 870 1365 qualemcunque
894 1248 1055 1364 capream,
1081 1279 1132 1342 scd
1155 1279 1261 1342 bovem
1283 1277 1434 1364 doffelnm

311 1405 494 1490 intelligunt,
519 1417 616 1466 tamen
639 1403 789 1466 mirificam
812 1402 1012 1466 difficultatem
1036 1406 1151 1506 peperit
1166 1401 1344 1466 vocabulum
1365 1403 1434 1489 plu-

311 1529 370 1592 rale
394 1520 529 1598 liwir-l
566 1527 728 1592 Sitceteros
747 1527 839 1603 locos,
863 1525 916 1591 nbi
934 1526 1192 1603 lunainduentur,
1214 1547 1432 1612 comparamus,

311 1656 482 1738 pracsertim
498 1651 586 1717 Dcut
603 1651 745 1728 XXXIII,
763 1651 812 1727 17,
836 1651 959 1715 bestiam
982 1665 1135 1716 cornutam
1159 1664 1188 1716 et
1211 1651 1351 1716 cornibus
1369 1655 1433 1716 suis

313 1781 410 1842 omnia
441 1790 617 1842 sternentem
646 1790 712 1842 ante
737 1776 839 1841 oculos
862 1775 1020 1854 habemus,
1052 1780 1100 1840 cui
1122 1775 1305 1840 fortitudinis
1329 1780 1433 1863 potius

311 1925 345 1966 ac
373 1901 491 1966 roboris
522 1923 610 1988 quam
645 1901 784 1986 agilitatis
814 1902 989 1988 significatio
1021 1905 1186 1966 conveniat.
1231 1901 1332 1966 Prima
1359 1901 1433 1968 lacic

310 2029 402 2113 igitur
424 2026 559 2111 amplecti
583 2025 723 2090 debemus
742 2026 892 2112 vulgatam
910 2030 1074 2090 versionem
1089 2026 1317 2114 fortitudinem,
1344 2049 1433 2114 quam

313 2149 458 2226 Onkelos,
495 2149 606 2235 Syrus,
644 2162 672 2214 et
702 2148 799 2214 Arabs
829 2150 950 2237 Erpenii
979 2155 1134 2216 sustinent.
1180 2150 1311 2216 Eandem
1341 2154 1434 2238 signi·

311 2275 476 2338 ficationem
502 2275 551 2337 alii
574 2275 640 2339 loco
664 2276 826 2362 injungunt
841 2270 903 2356 (Ps.
919 2273 1014 2353 XCV,
1031 2271 1153 2357 ll),-ubi
1174 2281 1270 2378 βῖᾛ
1292 2269 1434 2368 nlnylrt

311 2403 342 2464 in
364 2411 468 2462 nostra
484 2403 620 2464 versione
644 2399 679 2464 de
694 2399 883 2486 fortitudine
902 2404 1047 2466 montium
1062 2401 1244 2487 intelligitur.
1281 2399 1349 2483 Quo
1364 2372 1432 2466 loco

311 2546 403 2612 quum
427 2535 471 2588 ot
448 2525 620 2589 lte'tndtoem
642 2528 787 2589 montium
811 2525 858 2588 alii
883 2525 1074 2612 significatam
1090 2527 1195 2602 velint,
1220 2529 1262 2590 ita
1284 2527 1333 2590 hic
1356 2549 1434 2614 quo-

311 2670 368 2736 quc
377 2649 620 2714 Rosenmiillerus
633 2652 783 2714 existimat
798 2656 882 2741 ῦέζἾ
897 2642 1024 2722 mutim
1040 2673 1104 2716 esse
1117 2650 1193 2714 idem
1206 2651 1289 2738 quod
1297 2650 1434 2716 Arabum

310 2772 381 2874 qu
401 2770 480 2849 cliui
506 2775 579 2838 eot'l
534 2785 596 2838 otoo
621 2797 816 2860 copreamun,
841 2796 900 2861 qua
918 2776 1020 2861 phrasi
1036 2775 1150 2842 Arabes
1165 2774 1297 2840 indicent
1311 2799 1434 2863 capreas

311 2902 404 2984 capite
432 2920 551 2962 sursum
580 2900 655 2962 elato
685 2903 865 2986 arrectisque
888 2900 1012 2964 auribus
1035 2900 1168 2977 adstare,
1199 2901 1231 2966 id
1254 2900 1337 2988 quod
1360 2902 1434 2966 haec

311 3022 447 3086 animalia
461 3043 531 3108 prae
547 3024 695 3088 alacritate
712 3025 827 3089 soleant
842 3023 945 3088 saccre.
977 3023 1051 3102 Alii,
1075 3039 1111 3088 ut
1126 3024 1280 3103 Gescnius,
1305 3027 1435 3092 celerem

310 3159 340 3210 ct
361 3146 495 3212 celocem
518 3170 640 3212 mesum
668 3150 849 3237 intelligunt,
885 3171 972 3236 quam
1002 3150 1245 3237 significationem
1275 3173 1342 3216 cum
1364 3151 1433 3218 loco

309 3271 419 3336 Psalmi
441 3295 465 3336 s.
481 3272 500 3336 l.
519 3285 548 3337 et
563 3273 631 3338 Job.
644 3273 737 3350 XXII,
756 3273 813 3338 25:
836 3265 977 3378 niblfllb
1000 3280 1088 3380 ᾓῼξ,
1113 3275 1165 3340 ubi
1180 3286 1297 3342 montes
1312 3279 1437 3362 carpereti

311 3392 421 3478 (Plaut.
437 3397 501 3462 Mil.
522 3399 562 3485 gl.
579 3398 628 3476 lV,
647 3399 677 3476 2,
695 3395 761 3480 73),
786 3403 805 3464 i.
823 3421 848 3462 e.
870 3402 973 3487 ingens
988 3403 1129 3486 pecuniae
1146 3404 1240 3486 copia,
1264 3413 1366 3488 aperte
1382 3400 1435 3466 dc-

310 3522 451 3598 elaratur,
487 3545 573 3587 nemo
603 3527 715 3610 poterit
745 3525 909 3590 conciliare.
958 3523 1165 3608 Quaerendum
1194 3538 1253 3602 cst,
1286 3547 1433 3613 quaenam

310 3648 485 3734 significatio
510 3671 576 3712 eum
600 3651 681 3712 vocis
705 3661 804 3736 etymo
829 3661 858 3714 et
881 3649 1015 3714 cumbis
1039 3650 1112 3714 locis
1136 3651 1173 3716 ad
1196 3653 1337 3716 amussim
1359 3673 1434 3716 con-

308 3784 405 3858 gruat.
453 3771 517 3837 Jam
541 3795 612 3836 vero
637 3795 739 3838 vocem
769 3775 845 3838 hanc
872 3775 911 3840 ad
939 3773 1066 3840 radicem
1090 3782 1155 3880 ηιξ
1176 3776 1322 3852 referunt,
1354 3797 1433 3863 quae

310 3897 430 3962 denotet
453 3896 658 3984 defetigatum
681 3922 753 3981 esse,
778 3912 807 3964 et
830 3921 922 3985 quum
944 3900 1089 3966 lassitudo
1113 3915 1174 3966 tam
1196 3924 1214 3966 a
1237 3900 1322 3966 celeri
1340 3923 1434 3968 cursu

310 4043 397 4109 quam
427 4045 444 4090 a
472 4022 624 4088 montibus
653 4025 843 4090 ascendendis
875 4039 905 4090 et
933 4027 1131 4114 comparanda
1157 4029 1281 4114 pecunia
1305 4029 1431 4104 oriatur,

309 4145 366 4211 sibi
401 4146 539 4212 videntur
574 4153 672 4214 omnia
707 4153 777 4216 sutis
813 4162 880 4238 apte
915 4152 1106 4238 explicuisse!
1142 4151 1297 4219 Fuerstius
1332 4164 1432 4218 autern

310 4268 472 4351 (Concord.
490 4297 520 4361 p.
535 4271 612 4356 505)
636 4279 898 4362 transpositionem
921 4278 1072 4343 literarum
1097 4277 1252 4366 confingit,
1277 4290 1365 4364 atque
1389 4280 1433 4342 ita

309 4395 347 4461 ad
375 4397 502 4464 radicem
526 4407 591 4504 1³52
612 4413 813 4468 transcurrens
837 4395 961 4508 ilplllrt
982 4402 1081 4470 reddit
1104 4403 1236 4481 »locum
1267 4405 1319 4490 qui
1341 4402 1432 4492 longe
