3166 5178
716 309 740 382 t

166 507 242 596 lim),
268 516 384 578 »omnis
407 535 519 592 sermo,
545 537 638 602 quum
660 517 749 580 semel
772 519 899 604 scriptus
923 530 984 596 est,
1009 518 1163 586 volutatur
1177 520 1289 610 ubique

166 640 278 724 pariter
312 640 390 702 inter
419 639 631 726 intelligentes,
667 652 756 727 atque
785 663 836 705 eos
867 642 906 706 ad
934 665 1011 729 quos
1040 667 1102 709 non
1129 649 1287 732 pertineat:

171 764 323 848 nescitque
352 761 446 826 dicere
470 761 579 850 quihus
592 749 737 851 eportet,
767 778 796 829 et
818 765 927 852 quihus
949 790 1011 831 non
1035 781 1154 855 oportet
1176 781 1287 850 tacere3

166 886 276 972 injuria
292 907 362 950 vero
387 889 532 951 Immerito
550 888 785 976 contumeliaque
801 889 937 967 affectus,
961 895 1054 978 patris
1077 896 1097 956 i.
1115 897 1286 960 cenatoria

166 1012 276 1096 ipsius,
309 1031 425 1097 semper
452 1010 565 1099 indiget
592 1012 759 1099 praesidi03
794 1017 857 1100 ipse
886 1017 962 1078 enim
991 1037 1087 1104 neque
1116 1015 1286 1084 adversario

165 1155 331 1223 repugnare
361 1147 476 1222 potest,
506 1156 602 1223 neque
632 1135 688 1200 sihi
717 1140 774 1224 ipsi
805 1138 974 1204 anullini«
1020 1139 1085 1204 Jam
1116 1163 1185 1206 vero
1215 1165 1286 1208 con·

165 1260 328 1336 venientia,
354 1279 430 1346 quae
453 1259 608 1324 intercedit
630 1263 706 1324 iuter
729 1260 853 1326 verhum
876 1262 946 1340 Dei,
972 1263 1055 1350 quod
1077 1268 1108 1329 in
1131 1263 1286 1352 Scriptura

165 1385 348 1460 continetur,
376 1396 406 1448 et
428 1386 565 1471 spiritum
588 1384 765 1462 humanum,
791 1390 842 1473 qui
865 1387 1058 1452 immortalem
1082 1402 1112 1453 et
1133 1389 1285 1455 caelestem

165 1505 222 1570 sihi
250 1511 420 1594 prosapiam
448 1507 593 1584 vindicat,
625 1509 739 1596 liquido
768 1511 929 1597 persuadet
956 1511 1076 1576 Sacram
1100 1512 1284 1600 Scripturam

163 1641 182 1694 a
209 1630 273 1696 Deo
306 1653 369 1694 esse
402 1635 591 1719 inspiratam;
626 1636 667 1696 ita
696 1637 771 1699 enim
802 1647 906 1699 auctor
935 1639 999 1722 ipse
1026 1637 1134 1724 legenti
1162 1651 1282 1724 praesto

164 1754 263 1832 adest,
287 1758 328 1818 ita
350 1759 547 1842 patrocinium
564 1756 648 1822 verbi
671 1761 718 1822 sui
741 1761 879 1845 suscipit,
906 1764 1083 1848 utquisque
1106 1775 1201 1827 mente
1215 1783 1284 1849 per·

164 1881 263 1944 culsus
296 1902 362 1944 cum
389 1880 562 1946 Patriarcha
590 1880 760 1946 Bethclcnsi
788 1882 944 1948 exclamet:
980 1884 1138 1950 »Proiecto
1167 1885 1282 1951 lehova

164 2017 208 2069 est
230 2005 292 2081 hic,
318 2017 349 2069 at
371 2027 426 2092 ego
449 2004 624 2070 nesciebam.
673 2005 768 2089 Quam
792 2007 938 2072 verendus
962 2021 1007 2073 cst
1028 2009 1077 2073 hic
1099 2009 1187 2075 liber:
1210 2011 1283 2076 haec

163 2142 207 2194 est
222 2129 278 2193 Dei
294 2127 455 2204 hahitatio,
479 2129 552 2194 haec
574 2143 619 2196 est
640 2143 728 2216 porta
745 2131 852 2195 coelii«
877 2127 963 2214 (Gen.
980 2132 1122 2211 XXVIII,
1142 2131 1196 2211 16,
1217 2130 1280 2217 17).

162 2253 237 2318 Nam
265 2253 317 2318 fidi
348 2254 501 2329 homines,
536 2256 587 2342 qui
618 2255 721 2318 oculos
752 2255 853 2319 divino
883 2259 992 2342 spicitu
1019 2271 1164 2346 purgatos
1193 2271 1281 2346 atque

162 2378 342 2444 illuminatos
377 2376 503 2454 hahent,
539 2381 560 2442 ii
595 2400 665 2442 sane
699 2381 730 2442 in
764 2378 875 2443 mundo
905 2379 1015 2445 visibili
1044 2383 1281 2448 sacramentalem

162 2516 330 2591 agnoscunt
343 2503 552 2579 characterem,
577 2515 681 2590 atque,
705 2515 741 2566 ut
756 2501 928 2589 Sospitator
942 2507 1005 2590 ipse
1019 2507 1173 2591 promisit,
1194 2528 1281 2571 »coe-

161 2629 222 2693 lum
251 2641 386 2715 apertum
409 2626 524 2704 vident,
555 2639 585 2690 et
607 2626 702 2691 Deum
730 2649 784 2713 per
806 2629 958 2692 ministros
982 2650 1054 2692 suos
1077 2629 1280 2694 ascendentem

161 2766 191 2818 et
213 2751 435 2818 descendentem
457 2754 488 2816 in
510 2751 603 2816 filiurn
626 2752 774 2816 hominis«
799 2747 918 2833 (Ioann.
934 2752 962 2828 l,
984 2749 1050 2835 52).
1096 2753 1280 2841 Relligiosis-

160 2880 252 2942 simos
274 2899 410 2965 quosque
433 2889 462 2942 et
484 2879 653 2942 sanissImac
676 2880 782 2941 mentis
805 2877 939 2942 homines
964 2877 1000 2942 de
1022 2877 1128 2943 Sacrae
1145 2878 1280 2966 Scriptu-

159 3024 210 3066 rae
236 3003 447 3089 theopneustia
472 3005 515 3066 ita
539 3000 690 3087 judicare,
724 3005 823 3067 sciunt
851 3024 952 3067 omnes
982 3006 1034 3090 qui
1062 3025 1125 3069 rem
1153 3007 1280 3068 interro·

159 3127 259 3215 gando
275 3127 516 3214 exploraverunt.
551 3125 595 3190 Ne
613 3125 794 3221 Gaussenius
811 3127 944 3213 quidem,
970 3131 1127 3193 acerrimus
1143 3129 1279 3214 idemque

158 3219 265 3340 parum
288 3254 435 3338 ingenuus
457 3251 641 3316 mechanicae
660 3251 738 3316 Illius
755 3265 784 3316 et
800 3253 923 3316 carnahs
940 3252 1091 3317 doctrinae
1106 3275 1279 3341 propugna-

159 3390 218 3452 tor,
243 3398 334 3464 quum
358 3374 396 3441 ad
419 3398 503 3440 suam
526 3379 700 3442 sententiam
723 3376 935 3441 defendendam
950 3376 1164 3453 descendisset,
1188 3377 1279 3442 ullam

159 3501 246 3568 aliam
276 3502 446 3587 opinionem
473 3501 607 3588 profiteri
636 3523 727 3566 ausus
757 3514 815 3578 est,
845 3505 903 3565 nisi
932 3505 956 3565 si
981 3500 1056 3566 Iorte
1080 3500 1152 3588 quid
1175 3523 1278 3588 reapse

159 3629 281 3691 sentIrct
303 3624 546 3690 dissimulandum
571 3621 731 3703 censuerit,
756 3639 785 3691 et
801 3624 960 3691 verborum
982 3626 1098 3690 nebulis
1115 3554 1314 3691 obvolvar-I

159 3748 239 3816 dum.
286 3749 420 3838 Namque
443 3753 484 3814 ita
510 3753 629 3838 scripsit
655 3754 687 3814 in
711 3751 836 3837 epistola
858 3751 896 3815 ad
920 3752 1113 3840 ephemeridis
1136 3751 1277 3839 Anglicae

158 3876 373 3964 redemptorem
404 3875 485 3941 data:
522 3875 609 3940 »Mea
637 3876 796 3942 methodus
824 3877 856 3941 id
885 3877 1032 3964 singulare
1060 3875 1163 3951 hahet,
1195 3873 1278 3961 quod

158 4002 268 4067 nullam
298 4004 418 4065 omnino
448 4000 621 4064 methodum
651 4000 687 4064 de
716 4001 806 4065 modo
830 4003 1033 4088 inspirationis
1060 3998 1276 4064 adsciscendum

157 4140 243 4213 puto.
272 4125 456 4212 Scripturam
472 4125 572 4190 diuino
590 4125 692 4190 afflatu
703 4129 875 4214 inspIratam
888 4149 960 4203 esse,
978 4125 1010 4189 id
1021 4139 1161 4212 tanquam
1175 4136 1276 4188 verum

158 4251 290 4329 affirm03
320 4250 575 4339 quemadmodum·
597 4252 628 4316 id
650 4249 760 4317 iactum
783 4256 822 4316 sit
843 4274 896 4316 nee
919 4253 980 4316 scio
1004 4272 1057 4314 nec
1080 4252 1153 4316 scire
1177 4253 1274 4337 cupio,

159 4381 299 4464 quoniam
323 4376 419 4441 aDeo
443 4400 504 4441 non
523 4390 568 4445 est
588 4377 758 4444 revelatum.
793 4376 899 4441 Nonne
920 4376 992 4440 mihi
1012 4379 1082 4440 satis
1099 4397 1162 4441 esse
1179 4373 1274 4452 debet,
