3166 5178
710 340 733 412 9

181 541 205 596 7.
227 542 327 614 Θωμᾶς
555 539 580 598 7.
599 546 740 603 Ματθαῖος
926 541 950 597 7.
969 549 1110 605 Ματθαῖος

179 645 205 703 8.
225 652 366 728 Μαυθαῖος
383 645 397 702 o‘
416 647 524 716 τελώνης
554 646 580 703 8.
601 650 701 720 Θωμᾶς
925 649 951 706 8.
972 651 1071 723 Θωμᾶς

181 752 207 808 9.
222 753 345 824 Ἰάκωβος
362 752 376 808 ὅ
392 754 516 826 Ἁίφαίου
557 753 583 810 9.
597 755 719 826 Ἰάκωβος
735 753 749 808 ὅ
765 755 891 828 Ἁλφαίου
927 755 952 810 9.
967 755 1090 825 Ἰάκωβος
1101 757 1227 828 Ἁλφαίου

166 857 207 914 10.
225 865 356 929 Λεββαῖος
538 859 580 915 10.
601 862 740 921 Θαδδαῖος
910 859 951 916 10.
970 866 1065 935 Σίμων
1081 863 1188 930 ζηίαίτης

165 964 207 1020 11.
225 970 320 1039 Σίμων
332 965 346 1020 ί
357 970 516 1027 Καναναῖος
540 965 581 1021 11.
601 971 694 1039 Σίμων
706 965 719 1020 ὅ
732 971 890 1027 Καναναῖος
912 965 953 1021 11.
969 967 1068 1028 Ἰούδας
1076 968 1201 1037 Ἰακώβου

165 1069 207 1127 12.
222 1072 323 1133 Ἰούδας
335 1071 499 1148 Ἰσκαριώτης
539 1071 580 1127 12.
594 1073 697 1133 Ἰούδας
709 1073 850 1148 Ἰσκαρυοίθ
911 1071 952 1129 12.
967 1072 1068 1133 Ἰούδας
1080 1073 1230 1150 Ἰσκαριώθ.

253 1287 302 1353 Ex
323 1288 484 1376 Evangelio
507 1288 631 1354 loannis
655 1284 694 1371 (l,
711 1287 754 1353 40
770 1285 850 1376 sqq‚)
873 1293 1084 1377 perspiciamus
1107 1290 1189 1367 licet,
1219 1289 1282 1355 Do·

163 1415 277 1478 minum
306 1426 442 1478 nostrum
469 1417 582 1500 primos
612 1412 668 1478 sibi
698 1417 818 1478 comites
846 1437 860 1479 e
882 1412 1033 1501 Baptistae
1056 1414 1207 1502 discipulis
1230 1414 1283 1478 ad-

165 1541 296 1602 scivisse.
341 1538 420 1601 Inter
445 1559 512 1615 eos,
542 1540 593 1625 qui
616 1541 761 1624 principio
785 1537 924 1602 Moesiam
948 1551 1148 1626 agnoverunt,
1178 1561 1283 1627 agmen

166 1663 280 1727 ducunt
300 1661 450 1739 Andreas,
480 1662 570 1726 frater
593 1661 723 1727 Simonis
747 1662 843 1738 Petri,
874 1674 903 1726 et
931 1663 1004 1726 alter
1031 1661 1166 1750 quidam,
1197 1665 1282 1749 cujus

164 1808 273 1852 nomon
302 1787 419 1863 siletur,
452 1787 575 1864 scilicet,
607 1787 736 1852 loannes
765 1789 829 1873 ipse
856 1785 1009 1873 Evangelii
1037 1785 1115 1850 ilbns
1144 1789 1282 1874 scriptor.

165 1910 301 1976 Andreas
330 1923 427 1976 autem
455 1910 573 1976 fratrem
597 1933 685 1975 snum
708 1910 849 1988 adduxit,
881 1923 910 1974 et
932 1909 1130 1996 proculdubio
1152 1909 1282 1977 loannes

166 2040 253 2101 etiam
275 2035 420 2100 Jacobum
448 2033 568 2100 tranem
596 2058 683 2100 suum
712 2034 913 2120 cooptandum
936 2038 1059 2100 curavit.
1108 2033 1189 2100 Unde
1212 2058 1284 2100 con-

166 2163 331 2248 sequimur,
361 2173 396 2225 ut
424 2163 538 2247 primus
568 2163 599 2224 in
626 2161 674 2224 his
697 2157 843 2224 indicibus
873 2163 1043 2246 quaternio,
1074 2159 1134 2224 duo
1158 2158 1283 2226 fratrum

165 2289 251 2374 paria
273 2288 442 2362 continens,
466 2306 571 2371 nempe
593 2284 670 2350 filios
685 2284 794 2361 lonae,
820 2296 850 2348 et
864 2283 941 2348 filios
956 2282 1115 2360 Zebedaei,
1141 2299 1284 2373 quattuor

168 2431 219 2475 eos
247 2409 381 2473 homines
411 2407 551 2473 exhibeat
572 2412 624 2497 qui
646 2411 734 2496 primi
756 2409 857 2474 desum
880 2406 1106 2473 comitabantur.
1151 2409 1190 2474 Et
1212 2433 1284 2497 pro-

169 2533 243 2598 lecto
266 2547 326 2599 tres
350 2533 472 2610 horum,
504 2533 624 2610 Simon,
654 2531 799 2608 loannes,
831 2528 977 2608 lacobus,
1007 2531 1181 2597 Mediatoris
1204 2533 1284 2597 clau-

170 2658 244 2723 dunt
265 2659 358 2735 latus,
383 2656 553 2746 ubicunque
575 2660 751 2745 praecipuos
770 2669 799 2720 et
814 2655 936 2720 selectos
953 2667 1112 2720 sectatores
1127 2670 1180 2721 aut
1194 2669 1283 2721 testes

168 2783 225 2848 sibi
248 2782 453 2870 adjungendos
477 2786 603 2869 putavit.
639 2782 779 2846 Proxime
802 2784 924 2846 accessit
941 2780 1117 2868 »Philippus
1141 2789 1179 2845 cic
1192 2780 1284 2847 Beth-

168 2908 250 2974 saida
273 2911 390 2972 civitate
411 2907 555 2980 Andreae,
572 2920 602 2972 et
623 2907 724 2971 Petri«
748 2902 808 2989 (do.
825 2908 851 2985 l,
868 2902 940 2989 44),
968 2911 1052 2995 isque
1074 2905 1284 2972 Nathanatlem

168 3033 206 3098 ad
219 3032 371 3098 Christum
387 3032 522 3098 adduxit.
552 3033 592 3098 Et
608 3035 749 3121 quoniam
763 3032 1024 3098 Bartholomaeus
1038 3035 1058 3098 i.
1072 3054 1096 3095 e.
1114 3006 1214 3124 1ῷῆῐῇ
1230 3033 1285 3122 Ἶζῐ

168 3159 266 3224 »filius
291 3159 478 3235 Thalmaci«,
513 3162 751 3245 patronymicum
781 3171 826 3221 est
854 3156 1047 3234 vocabulum,
1077 3127 1192 3244 semper
1216 3158 1285 3242 juro

169 3285 340 3348 conclusum
369 3297 420 3348 est.
439 3282 648 3348 Nathanaelem
681 3287 770 3347 istum
800 3305 817 3346 a
845 3283 1075 3348 Bartholomaeo
1104 3304 1166 3345 non
1193 3281 1285 3346 luisse

169 3409 327 3473 divorsum.
371 3409 410 3472 Et
432 3429 525 3496 quum
547 3409 705 3494 Philippus
728 3421 757 3472 et
779 3407 1026 3473 Bartholomaeus
1049 3410 1080 3470 in
1102 3428 1285 3493 unoquoquo

168 3534 373 3621 apostolorum
403 3533 498 3598 indice
526 3536 676 3620 conjuncti
705 3546 881 3620 appareant,
911 3531 992 3596 baud
1021 3529 1183 3596 absurdum
1209 3529 1287 3595 soret

169 3663 195 3724 si
218 3661 284 3746 quis
308 3660 479 3745 conjiceret,
505 3672 540 3723 ut
560 3659 697 3725 Andreas
721 3658 887 3734 Simonem,
912 3661 952 3722 ita
973 3656 1145 3743 Philippum
1167 3655 1287 3720 fratrem

169 3805 271 3860 suum,
297 3805 420 3848 »verum
443 3785 524 3848 illum
539 3783 701 3848 Israelitam
723 3787 754 3848 in
777 3805 838 3871 quo
856 3782 942 3848 dolus
958 3805 1020 3846 non
1036 3795 1132 3859 erat«,
1156 3780 1286 3846 Domino

168 3921 273 3973 nostro
298 3908 557 3973 commendavisse.
591 3910 684 3996 Igitur
704 3909 877 3995 Philippum
900 3921 930 3972 ot
950 3906 1159 3972 Nathanaelem
1182 3906 1286 3969 fratres

169 4032 275 4109 fuisse,
300 4033 377 4098 filios
396 4033 557 4097 Thalmaei.
590 4033 661 4098 lndc
683 4034 732 4110 fit,
757 4046 792 4098 ut
814 4056 868 4098 sex
890 4036 1005 4120 priores
1020 4031 1161 4117 Apostoli
1184 4033 1215 4092 in
1230 4032 1288 4093 tria

169 4157 293 4222 fratrum
326 4161 409 4243 paria
438 4135 623 4236 dividantur,
658 4159 735 4224 filios
764 4159 872 4236 donae,
908 4158 985 4222 lilios
1014 4153 1174 4230 Zebedaei,
1208 4153 1287 4218 lilios

170 4283 338 4360 Thalmaei‚
370 4306 471 4348 omnes
500 4262 539 4348 aad
563 4284 664 4348 eadem
687 4286 807 4372 regione
830 4282 988 4358 oriundos,
1019 4293 1055 4344 ut
1075 4279 1158 4343 facile
1182 4282 1222 4344 sit
1243 4282 1289 4344 in-

169 4407 287 4473 tellectu
323 4408 515 4495 quamobrem
550 4431 601 4474 cos
628 4410 716 4476 lesus
744 4407 832 4472 binos
863 4402 942 4489 (δύο
972 4403 1031 4470 δύο
1060 4405 1152 4470 Marc.
1168 4405 1224 4483 Vl,
1248 4400 1287 4486 7)
