3164 5176
781 363 995 476 gm-

329 555 486 680 ²sffm'1'[„]
511 571 536 641 0
553 587 667 640 montes
681 572 817 640 Gilboacl
845 596 881 640 ne
897 577 929 638 in
945 595 1000 638 vos
1014 595 1065 638 ros
1081 583 1134 638 aut
1154 572 1258 659 pluvia
1275 571 1453 651 descendat3

508 700 612 765 Estote
636 701 735 787 campi
754 713 929 787 montesque
952 698 1071 764 mortis!

509 823 584 890 Nam
608 825 649 890 ibi
673 825 804 911 abjectus
827 838 873 889 est
895 824 1017 912 clypeus
1040 824 1174 901 heroum,

510 949 642 1038 Clypeus
658 949 759 1028 Sauli,
785 949 850 1014 oleo
875 972 937 1014 non
959 949 1082 1014 unctus!

439 1088 487 1148 [22]
511 1075 540 1142 A
563 1079 706 1163 sanguine
731 1079 905 1152 occisorum,
934 1075 971 1138 ab
994 1073 1081 1161 adipe
1103 1073 1226 1138 sortium
1249 1095 1335 1138 arcus
1357 1071 1454 1138 Jona-

860 1200 959 1264 thenis
981 1221 1044 1262 non
1066 1198 1263 1277 avertebatur,

511 1324 633 1391 Gladius
658 1323 741 1390 Sauli
763 1346 824 1390 non
847 1323 963 1389 redibat
985 1327 1048 1388 sine
1070 1323 1190 1412 pracda.

440 1467 487 1520 [es]
511 1449 621 1515 Saulus
645 1464 673 1516 ct
695 1451 854 1528 desselben,
880 1448 977 1515 dilecti
1000 1450 1042 1513 illi
1065 1462 1094 1514 et
1115 1448 1253 1514 amabiles
1270 1452 1301 1513 in
1317 1451 1390 1527 vita,
1413 1471 1453 1513 ne

860 1578 892 1639 in
914 1587 1008 1638 morte
1032 1575 1150 1661 quidem
1173 1587 1244 1638 sunt
1267 1574 1415 1663 dirempti.

510 1700 628 1788 Aquilis
653 1713 736 1766 erant
759 1701 929 1776 velociores,
954 1698 1092 1764 fortiores
1116 1698 1262 1764 leonibus.

441 1842 489 1896 {241
513 1824 539 1890 0
564 1830 692 1913 virgines
713 1825 843 1891 Israelis!
868 1825 971 1891 deflete
994 1824 1127 1903 Saulum,

513 1950 571 2033 Qui
594 1950 681 2015 vobis
705 1953 856 2016 coccineae
879 1953 970 2015 vestis
994 1950 1112 2016 delicias
1135 1948 1315 2037 imponebat,

512 2074 570 2158 Qui
594 2098 714 2140 aureum
739 2089 876 2140 ornatum
898 2080 1005 2141 vestris
1028 2075 1156 2141 addebat
1177 2075 1369 2140 vestimentis.

439 2217 487 2271 12⁵]
513 2199 672 2283 Quomodo
697 2201 864 2266 ceciderunt
885 2202 991 2266 heroes
1014 2205 1046 2265 in
1067 2201 1164 2265 medio
1188 2198 1318 2288 proelio!

512 2324 671 2408 Quomodo
695 2327 846 2392 Jonathan
868 2330 899 2390 in
921 2325 1072 2391 montibus
1095 2329 1155 2391 tuis
1179 2324 1336 2390 confossus
1360 2323 1422 2389 cst!

437 2465 486 2522 12⁶1
510 2449 676 2516 Vehemens
699 2474 745 2516 mc
768 2451 855 2517 dolor
881 2451 963 2516 subit
990 2465 1115 2540 propter
1141 2465 1186 2530 tc,
1216 2454 1256 2515 mi
1283 2448 1375 2515 irater
1397 2447 1453 2514 Jo-

860 2578 981 2643 nathan.

513 2699 557 2766 Te
580 2705 611 2766 in
633 2705 735 2789 primis
757 2701 862 2766 dilexi!

509 2826 606 2891 Amor
626 2839 698 2892 tuus
721 2828 793 2892 mihi
816 2830 937 2892 suavior
959 2827 1017 2892 luit
1038 2849 1138 2893 amore
1161 2827 1342 2892 feminarum.

438 2962 487 3023 [vv]
512 2949 671 3033 Quomodo
695 2952 863 3018 ceciderunt
883 2953 999 3030 heroes,

510 3073 610 3162 Atque
634 3099 714 3141 arma
736 3075 839 3141 bellica
861 3067 944 3143 irrita
962 3078 1075 3165 jacent!

653 3310 869 3372 EPIMETRUM
892 3313 940 3371 DE
963 3313 1120 3372 ABNERO.

330 3433 486 3554 ¹,{ff}‡·¹{},]
509 3450 589 3540 Ergo
613 3449 767 3517 Abncrum
790 3455 873 3518 stulti
897 3457 991 3518 instar
1014 3457 1089 3518 mori
1113 3453 1270 3540 oportuit?

437 3592 486 3651 [³4]
510 3578 618 3644 Manus
640 3589 709 3642 tuae
731 3602 794 3643 non
816 3583 931 3644 vinctae
954 3592 1051 3657 crant,
1081 3601 1135 3644 nec
1157 3579 1247 3667 pedes
1270 3580 1314 3643 tui
1338 3581 1449 3644 catenis

860 3704 1003 3793 impediti.

511 3825 651 3894 Cecidisti
673 3837 709 3894 ut
731 3833 783 3917 qui
805 3830 959 3895 hominurn
981 3851 1108 3918 nequam
1130 3828 1234 3897 fraude
1258 3829 1377 3896 cadunt

779 4095 990 4114 ’Ἣὶ
