3164 5176
608 332 822 448 Q—
897 277 904 287 .

151 545 293 623 redirent,
316 545 512 633 provinciales
536 567 607 610 suos
630 567 686 632 pro
710 543 906 632 lignatoribus
930 540 1083 622 tractabat,
1109 559 1138 610 et
1160 548 1189 610 in
1209 569 1274 611 cac·

152 671 262 748 dendo,
288 669 428 748 dolando,
452 684 481 735 et
502 669 651 757 portando
675 669 779 733 cedros
803 681 892 756 atque
916 668 1026 734 abietes
1050 674 1121 736 satis
1144 693 1195 736 eos
1213 673 1273 737 sol·

152 798 251 862 licitos
281 795 418 861 habebat.
459 795 558 883 Atque
581 796 653 860 haec
676 817 781 882 opera,
811 798 842 858 in
866 793 1073 860 Charoshetha
1095 819 1150 861 sua
1171 797 1274 862 mode·

153 921 287 987 rebatur.
334 920 488 996 Similiter,
518 920 713 986 Athenienses
743 919 811 984 urbi
839 920 895 997 illi,
928 941 987 1007 qna
1016 925 1129 1008 argenti
1157 923 1274 989 metalla

154 1046 346 1123 exercebant,
375 1049 540 1128 Λαυρεΐον
553 1039 574 1128 1)
604 1067 712 1110 nomen
740 1044 927 1120 indiderunt,
956 1039 1022 1109 dard
1049 1043 1113 1110 τῶν
1134 1044 1273 1130 daupein,

154 1176 174 1236 i.
193 1195 218 1236 e.
236 1171 365 1235 »fodinis
387 1170 607 1247 metallorum«
631 1183 719 1257 atque
742 1169 812 1233 alibi
834 1173 999 1234 invenimus
1023 1171 1155 1236 slmiliter
1177 1174 1274 1258 impo-

155 1301 227 1362 sitas
256 1295 375 1361 urbium
406 1297 625 1383 appellationes.
666 1295 705 1358 Et
734 1293 817 1382 quod
843 1293 881 1358 ad
908 1298 1019 1360 servitii
1041 1317 1135 1383 genus
1160 1300 1271 1374 attinet,

155 1422 259 1487 eodem
281 1420 371 1486 modo
394 1421 489 1486 Josua
513 1421 575 1506 jam
599 1433 684 1485 antea
708 1418 880 1484 Gibeonitas
903 1432 1088 1485 tractaverat.
1122 1421 1273 1500 »Vivant,s

154 1547 317 1635 inquiebat,
343 1544 415 1610 »sed
438 1549 498 1609 sint
520 1545 680 1633 lignatores
705 1557 734 1609 et
754 1544 870 1609 lixones
886 1544 1018 1632 publici«
1044 1541 1119 1628 (los.
1135 1545 1186 1624 IX,
1205 1543 1271 1631 21).

153 1673 258 1761 Neque
280 1674 359 1737 illam
380 1673 472 1759 hujus
495 1672 637 1736 historiae
660 1681 773 1756 partem
796 1671 912 1734 silentIo
935 1675 1093 1756 praeterire
1112 1673 1271 1758 oportebit,

156 1821 232 1888 quae
256 1822 293 1864 ex
310 1798 432 1864 Cantico
457 1797 522 1861 solo
546 1799 692 1861 innotuit:
715 1817 818 1883 nempe
843 1797 940 1859 omnia
961 1794 1064 1859 bellica
1079 1800 1273 1862 instrumenta

155 1939 227 1991 tune
254 1927 396 2012 temporis
421 1926 503 2010 genti
526 1921 657 1986 devictae
680 1921 809 1986 defuisse
833 1916 874 2003 (v.
892 1917 941 2003 8)ε
973 1943 1088 2009 »neque
1112 1925 1188 1987 enim
1212 1923 1274 2010 cly-

155 2074 229 2140 peus
251 2073 306 2115 nec
323 2049 455 2136 jaculum
477 2046 683 2134 inveniebatur
705 2051 735 2112 in
759 2046 956 2135 quadragmta
977 2046 1106 2112 millibus
1129 2049 1274 2114 Israelita·

155 2199 247 2242 rums
282 2175 409 2242 Caverat
430 2177 533 2261 utIque
557 2171 640 2237 Sisra
663 2195 700 2237 ne
723 2172 761 2236 ad
783 2172 892 2237 bellum
915 2174 962 2236 via
986 2174 1073 2236 nimis
1097 2187 1198 2261 ap'erta
1221 2198 1275 2262 pa·

155 2315 238 2368 teret.
280 2299 369 2384 Quod
397 2299 474 2364 idem
502 2312 607 2385 postea
629 2298 790 2362 voluerunt
811 2297 978 2374 Philistaei,
1009 2319 1102 2385 quum
1128 2299 1274 2366 edicerent

157 2424 187 2512 (1
207 2425 286 2494 Sam.
302 2426 377 2502 XHI,
397 2419 461 2507 19),
487 2446 543 2488 »ne
558 2422 685 2488 Hebraei
708 2422 764 2486 sibi
787 2421 902 2510 gladios
926 2435 978 2485 aut
1000 2423 1101 2486 hastas
1120 2422 1273 2490 lacerent«

155 2553 198 2619 At
211 2575 282 2618 vero
306 2553 423 2616 minime
448 2562 564 2614 constat
577 2548 707 2635 Raraqui
731 2547 812 2611 illum
837 2550 998 2612 exercitum
1013 2551 1152 2612 inermem
1167 2548 1272 2614 luisse:

155 2677 208 2744 sed
232 2663 270 2741 err
292 2678 441 2742 contrario
464 2678 598 2740 innuitur
621 2670 658 2755 (c.
672 2673 722 2750 IV,
743 2670 793 2750 15,
813 2667 866 2756 16)
891 2659 989 2740 Sisrae
1013 2677 1113 2761 copias
1129 2677 1160 2738 vi
1183 2688 1212 2738 et
1227 2697 1274 2740 ar·

155 2808 211 2869 mis
239 2807 271 2867 in
298 2803 398 2891 lugam
427 2823 490 2866 esse
514 2802 670 2887 conjectas.
713 2797 828 2882 Quibus
850 2812 947 2864 autem
970 2799 1082 2864 armis?
1117 2798 1271 2889 Sbamgar,

156 2951 221 2995 cum
250 2951 338 3017 grege
367 2949 423 2991 suo
446 2925 658 3003 bubulcorum,
688 2924 801 2989 baculis
825 2925 934 3013 quibus
957 2925 1050 2991 boves
1074 2927 1272 3004 stimulantur,

155 3059 303 3143 ingentem
325 3053 553 3118 Philistaeorum
577 3065 705 3140 stragem
732 3054 863 3139 patravit
886 3047 923 3132 (c.
939 3052 990 3129 III,
1009 3047 1073 3135 31).
1107 3051 1147 3118 Et
1169 3055 1194 3116 si
1214 3052 1275 3117 Ra-

155 3201 268 3268 raquus
291 3179 469 3268 lignatorum
493 3176 590 3244 decem
614 3177 704 3242 millia
719 3177 758 3242 ad
774 3177 801 3242 Τ
803 3177 922 3242 ebonem
930 3172 952 3260 ’)
969 3176 1177 3266 congregabat,
1202 3179 1275 3267 quid

157 3305 258 3371 obstat
279 3309 351 3393 quin
373 3327 443 3369 suas
466 3325 564 3369 secum
580 3323 706 3380 secures,
733 3301 842 3389 quibus
859 3302 980 3368 arbores
997 3302 1157 3368 caedebant
1174 3342 1205 3356 -
1223 3327 1274 3370 ne·

233 3591 252 3654 ¹)
274 3587 342 3642 Vide
361 3573 495 3652 Welstr,
521 3586 562 3640 die
580 3582 778 3657 Aeschyleische
797 3581 928 3656 TrilogIe,
952 3601 976 3655 p.
989 3580 1055 3649 2123
1080 3583 1275 3652 Wordcworth,

155 3697 254 3752 Athens
274 3695 323 3750 and
341 3696 437 3760 Attica,
456 3712 481 3765 p.
495 3691 585 3748 20911.

231 3805 252 3872 ¹)
277 3803 389 3858 'laboris
407 3819 500 3856 nomen
518 3803 544 3855 in
563 3809 653 3856 nostro
667 3797 772 3854 Cantico
792 3797 887 3852 frustra
907 3798 1060 3870 quacsleris3
1081 3799 1126 3854 scd
1145 3817 1218 3855 mons
1231 3799 1275 3856 illc

155 3910 326 3984 proculdubio
349 3909 506 3982 signibcatur
523 3908 608 3963 verbis
628 3909 664 3974 (v.
683 3905 743 3974 18)2
772 3907 848 4000 ,7:127
868 3906 965 3999 tm?
985 3886 1037 3988 by,
1063 3925 1120 3961 nam
1139 3908 1224 3998 0552
1244 3908 1275 3962 de

156 4018 287 4073 montibus
305 4016 465 4088 praedicatur
482 4016 541 4082 (uz.
553 4015 646 4081 XVII,
664 4013 714 4082 233
737 4015 780 4068 Ps.
791 4013 855 4079 VII,
868 4011 898 4079 83
917 4015 971 4068 des.
985 4013 1091 4079 XXVI,
1104 4013 1146 4083 5),
1172 4023 1197 4068 et
1215 4016 1275 4071 bace

157 4124 306 4196 descriptio:
328 4123 460 4177 -Zebulon
480 4131 519 4177 cst
536 4122 649 4194 populus
669 4124 713 4192 qui
732 4123 809 4176 vitam
829 4120 858 4174 ad
878 4128 986 4175 mortem
1004 4138 1088 4194 usque
1107 4119 1180 4174 nibili
1199 4125 1275 4176 aesti-

158 4234 244 4297 mavit,
264 4240 289 4285 ct
299 4229 435 4302 Naphtbali
454 4235 484 4284 in
502 4233 620 4285 excelsis
638 4231 712 4301 agri·
725 4227 762 4281 ad
775 4230 898 4282 amussim
912 4229 1021 4282 concinit
1034 4245 1090 4282 cum
1106 4227 1158 4282 Illis
1172 4228 1274 4300 capituli

158 4337 329 4394 antecedentis
347 4337 433 4391 verbis
452 4335 488 4405 (v.
505 4334 547 4406 ⁶l²
569 4336 654 4392 ·Vade
674 4343 699 4389 et
718 4353 813 4407 occupa
832 4336 960 4392 'laborent
980 4341 1092 4392 montem
1112 4354 1168 4390 cum
1188 4336 1274 4391 decem
1319 4363 1321 4376 ·

157 4443 271 4500 millibus
289 4443 508 4516 Naphtbalitarum
527 4451 552 4499 et
570 4443 800 4500 Zebolonitarum.·
