3152 5160
819 317 870 392 eo

286 527 394 616 (ῥῦσαι
415 523 500 616 ἡμᾶς
522 524 589 594 dard
612 527 670 595 τοῦ
691 525 856 614 πονηροῦ),
881 529 1024 595 exclamat
1045 528 1157 595 Paulus
1182 524 1223 610 (r.
1241 525 1313 611 24)ι
1337 533 1406 596 »in-

285 655 356 722 felix
379 678 433 744 ego
457 655 558 732 homo,
583 659 649 742 quis
673 677 718 720 me
741 656 883 748 liberabit
904 677 921 720 a
942 668 1052 732 morte,
1077 658 1210 732 miseriis,
1235 667 1265 720 et
1280 654 1400 732 delictis,

286 780 394 869 quihus
417 781 475 844 hoc
497 802 594 845 meum
617 803 726 868 eorpus
752 779 916 845 obnoxium
940 793 985 845 est
1008 775 1067 862 (τίς
1088 803 1128 865 με
1151 777 1404 866 pertractancti

286 906 431 991 σώματος
459 908 515 971 τοῦ
537 901 692 970 θανάτου
713 900 882 987 reticendi«
917 904 1085 993 Respondit
1106 906 1183 971 idem
1205 909 1314 994 gratias
1337 905 1401 970 Deo

242 1095 248 1105 ,
286 1031 434 1098 habendas
464 1053 542 1108 esse,
572 1035 624 1119 qui
651 1053 705 1119 per
729 1029 881 1097 Christum
911 1031 1050 1107 effecerit,
1080 1043 1116 1096 ut
1137 1034 1237 1096 verior
1266 1044 1296 1097 et
1317 1053 1404 1119 prae·

284 1162 411 1223 stantior
425 1158 554 1222 hominis
569 1178 649 1243 pars,
675 1177 733 1245 qua
748 1161 824 1221 ratio
841 1169 871 1222 et
885 1161 1062 1222 conscientia
1077 1160 1292 1234 contineantur,
1317 1180 1404 1224 suant

286 1283 515 1349 dominationem
544 1303 677 1348 exercere
706 1287 811 1370 possit.
859 1280 981 1347 Summa
1008 1285 1100 1370 igitur
1128 1282 1338 1370 disputationis
1365 1305 1401 1348 eo

284 1409 375 1486 redit,
400 1421 435 1473 ιιι
455 1411 567 1494 peccati
590 1405 657 1471 lons
681 1420 711 1472 et
734 1411 867 1495 operatio
890 1411 921 1472 in
938 1428 1022 1472 carne
1037 1421 1176 1495 ponatur,
1200 1411 1220 1472 i.
1238 1431 1263 1473 e.
1284 1413 1316 1473 iu
1331 1431 1404 1474 con-

190 1607 193 1612 ,
286 1537 465 1622 cupiscentia
478 1533 526 1598 vel
548 1530 723 1618 ἐπιθυμίᾳ,
747 1555 822 1620 ριιιι
844 1547 970 1598 mentem
986 1547 1074 1621 atque
1090 1537 1218 1599 animum
1235 1533 1400 1623 degenerat,

285 1673 314 1725 et
342 1663 499 1749 perniciem
528 1659 656 1737 inducit,
687 1671 718 1723 et
740 1681 814 1746 quae
839 1658 1014 1724 omnimodis
1039 1658 1139 1726 divino
1157 1663 1280 1747 spiritui
1302 1662 1402 1748 perni-

285 1790 362 1851 ciose
386 1785 569 1850 contradicit.
615 1783 718 1873 Neque
742 1785 798 1849 aha
821 1798 865 1850 est
887 1783 1056 1874 Fragmenti
1078 1789 1174 1850 nostri
1197 1785 1340 1850 doctrina.

374 1906 418 1992 (d)
453 1909 503 1974 Ad
529 1909 734 1996 Philippenses
765 1909 894 1974 scribens
921 1910 998 1975 idem
1025 1911 1137 1976 Paulus
1166 1912 1300 1998 exemplo
1329 1909 1403 1978 Jesu

286 2035 397 2103 Christi
425 2035 602 2123 relligiosam
630 2035 823 2100 humilitatem
852 2036 1050 2114 commendat,
1085 2059 1147 2101 non
1176 2040 1238 2102 sine
1265 2049 1402 2124 respectu

284 2163 322 2228 ad
343 2164 515 2249 primarium
537 2160 664 2224 hominis
682 2173 834 2247 peecatum
853 2158 902 2243 (11,
920 2160 940 2226 5
957 2158 1046 2250 sqq).
1083 2161 1142 2246 Qui
1156 2163 1247 2249 hujus
1262 2163 1320 2226 loci
1335 2183 1402 2226 sen·

284 2311 350 2353 sum
378 2309 484 2375 parum
514 2298 585 2350 sunt
613 2291 755 2363 assecuti,
786 2290 863 2352 sicut
886 2291 1029 2352 versionis
1052 2287 1232 2376 Anglieanae
1255 2301 1399 2365 auctores,

283 2417 320 2479 iis
349 2413 481 2479 fraudem
509 2411 578 2476 lecit
600 2435 664 2477 vox
686 2408 856 2497 ἁρπαγμὰς
883 2417 980 2477 minus
1003 2411 1161 2490 intellecta,
1193 2436 1281 2502 qnam
1303 2426 1402 2478 tamen

283 2554 360 2606 reete
390 2551 547 2627 exponunt
577 2538 801 2604 Theodoretus:
837 2534 876 2604 ot
907 2539 989 2622 μέγα
1017 2541 1111 2602 τοῦτο
1140 2535 1283 2623 ὑπέλαβε
1310 2576 1345 2592 -·-
1372 2551 1403 2606 et

282 2666 423 2732 Rufinus:
446 2687 510 2731 ooo
531 2666 590 2730 cidi
610 2667 717 2750 meque
740 2666 873 2750 deputat
919 2662 995 2728 Nam
1017 2658 1200 2750 ἁρπαγμὸν,
1223 2666 1270 2730 vel
1291 2669 1400 2732 rectius

283 2790 448 2881 ἅρπαγμα,
471 2793 533 2854 sive
557 2783 699 2872 ἕρμαιον,
723 2786 874 2876 protesilai
895 2811 926 2852 τι
949 2784 998 2872 (el.
1014 2788 1131 2855 Heliod.
1147 2790 1235 2856 Aeth.
1247 2790 1315 2869 Vll,
1333 2788 1399 2872 20),

283 2929 328 2982 ost
343 2916 501 3004 praedam
524 2915 634 2980 ducere
655 2937 685 2978 v.
709 2898 746 2978 ιἰι
765 2914 849 2978 lacre
867 2937 988 3001 ponere
1009 2914 1165 3002 nepotiane
1188 2917 1323 3005 aliquod.
1366 2917 1400 2982 ln

282 3041 373 3112 verbo
399 3033 552 3129 ἁρπάζειν
575 3043 744 3106 continetur
765 3044 848 3104 notio
873 3042 984 3128 capide
1005 3042 1064 3106 etta·
1082 3043 1256 3128 ampiendi
1269 3043 1305 3107 td
1318 3043 1404 3131 quod

281 3169 330 3232 sai
348 3168 433 3252 ylaris
460 3189 523 3232 ooo
552 3177 609 3248 eet,
643 3166 690 3229 vel
719 3165 815 3232 saltim
844 3167 1021 3253 αφιάλιαιιι
1050 3179 1079 3232 et
1105 3169 1195 3232 cimil
1223 3169 1345 3233 ardoris
1372 3179 1402 3232 ιι

281 3293 376 3358 stadii
410 3292 582 3380 significatio
614 3287 760 3355 innuitur.
794 3292 892 3356 'Hinc
925 3291 1067 3358 habemus
1101 3277 1217 3380 κέρδεα
1251 3290 1400 3378 ἁρπαλέα

282 3413 387 3502 (Hom.
414 3417 470 3484 0d.
493 3417 573 3494 VIll,
600 3412 694 3500 164),
730 3413 900 3504 ἁρπαλέως
930 3411 1061 3482 ἐσθιειν
1084 3413 1144 3499 (Id.
1164 3418 1205 3483 ih.
1224 3419 1280 3497 Vl,
1304 3415 1397 3500 250),

282 3540 444 3629 ἁρπαλέος
467 3539 546 3628 ἔρως
562 3537 713 3628 (Theogn.
730 3539 837 3623 1353),
863 3540 972 3607 ἄνθεα
986 3541 1064 3627 ἥβης
1080 3541 1231 3627 ἁρπαλέα
1247 3538 1401 3626 (Mimner-

280 3691 346 3734 mus
369 3668 395 3747 Ι,
412 3665 456 3750 4),
483 3666 609 3745 δέξεται
631 3658 802 3751 ἁρπαλέως
825 3663 975 3755 (Theogn.
996 3665 1108 3750 1046),
1139 3665 1289 3752 ἁρπαλέα
1313 3667 1401 3743 δόσις

282 3789 379 3876 (Pind.
401 3793 491 3879 Pyth.
507 3793 586 3870 Vlll,
611 3788 682 3875 65),
713 3789 883 3878 ἁρπαλέαν
912 3794 1027 3872 σχέθοι
1054 3791 1215 3880 φροντίδα
1242 3789 1304 3858 cdv
1332 3791 1399 3877 πὰρ

280 3914 382 3994 ποδός
399 3941 437 3972 =
457 3923 575 4007 »magni
589 3918 677 3983 faciat
690 3931 859 4004 praesentes
876 3917 1022 3996 delicias«,
1049 3915 1146 4002 (Pind.
1162 3919 1253 4006 Pyth.
1269 3918 1314 3996 X,
1332 3915 1398 4000 62),

279 4046 428 4132 χρήματα
452 4042 484 4110 δ’
500 4041 561 4124 οὐχ
583 4041 782 4128 ἁρπακτά·
807 4042 1010 4108 θεόσδοτα
1033 4038 1157 4110 πολλὰν
1179 4039 1298 4128 ἁμελνω
1315 4041 1397 4128 (Hes.

281 4169 305 4234 έ.
321 4193 349 4233 ιι.
364 4166 393 4255 ἢ.
417 4165 505 4252 320).
543 4169 597 4234 llis
620 4173 662 4236 ita
684 4173 862 4248 constitutis,
888 4170 1056 4236 facillimum
1079 4184 1125 4236 est
1147 4170 1292 4236 declarare
1315 4170 1400 4258 Apo·

170 4289 175 4300 '
280 4296 350 4360 stoli
373 4299 556 4362 sententiam.
602 4295 677 4362 Nam
699 4295 904 4386 Philippenses
929 4301 970 4363 sie
993 4297 1145 4362 hortatur:
1174 4297 1265 4360 »Jesu
1288 4294 1400 4361 Christi

282 4421 476 4490 humilitatem
498 4425 691 4490 imitaminor:
716 4427 768 4513 qui
791 4445 884 4512 quum
906 4427 938 4489 in
961 4421 1056 4492 forma
1071 4421 1126 4490 Dei
1149 4421 1186 4489 ab
1209 4424 1294 4488 initio
1312 4433 1398 4498 esset,
