3164 5176
668 385 743 459 295

141 489 274 536 Psxvm.

143 549 305 670 ²8”n'xtllll
330 597 379 663 Tu
401 611 437 662 te
453 597 588 685 benignis
611 594 781 684 benignum,
805 599 927 686 integris
951 601 1108 686 integrum,

253 737 301 795 [nr]
327 721 443 788 Sanctis
467 735 615 799 sanctum,
641 735 670 786 et
691 725 839 808 perversis
862 723 1075 789 intractabilem
1096 724 1230 813 praebes.

255 862 303 921 [aa]
327 847 469 912 Homines
485 850 609 911 miseros
625 845 766 922 defendis,
780 859 809 911 et
826 847 928 912 oeulos
944 847 1096 916 fastuosos
1113 849 1263 940 deprimis.

255 987 304 1044 [aa]
327 973 429 1060 ltaque
451 984 487 1037 tu
508 971 581 1036 mibi
604 971 698 1037 lucem
721 971 871 1050 accendis3

325 1097 441 1163 debora
463 1097 545 1162 Deus
566 1119 650 1161 meus
673 1097 808 1162 tenebras
831 1120 910 1164 meas
933 1099 1088 1165 illauninat.

255 1238 303 1294 [ao]
329 1223 373 1288 Te
396 1226 473 1288 enim
496 1222 569 1289 duce
591 1235 704 1288 turmas
727 1223 851 1288 hostiles
874 1223 998 1290 adortus
1022 1247 1097 1302 sum,

325 1347 390 1414 Deo
414 1346 573 1435 adjuvante
595 1369 698 1414 muros
720 1349 853 1415 hostium
875 1351 1020 1416 transilui.
1048 1377 1084 1390 -·

644 1488 730 1542 oronte
744 1487 764 1534 ll.

253 1613 302 1669 [er]
326 1597 376 1663 Ad
390 1596 487 1662 Deum
503 1596 585 1686 quod
600 1600 714 1675 attinet,
735 1600 784 1663 via
800 1599 863 1685 ejus
878 1598 953 1664 nihil
967 1597 1058 1665 babet
1072 1597 1261 1678 fallaciarum,

325 1722 364 1788 Et
393 1744 489 1788 sermo
517 1722 664 1800 deborae,
699 1722 782 1788 velut
808 1726 900 1812 ignis,
935 1724 1189 1812 exploratissimae
1218 1739 1263 1792 est

726 1851 869 1914 veritatis.

325 1970 457 2062 Clypeus
480 1985 526 2039 est
548 1972 696 2051 omnibus,
722 1976 773 2062 qni
796 1973 835 2038 ad
857 1995 924 2039 eum
947 1973 1139 2063 confugiunt3

251 2111 300 2174 [er]
323 2095 398 2164 Nam
421 2102 488 2187 quis
512 2112 557 2164 est
578 2098 659 2163 Deus
681 2111 799 2186 praeter
820 2098 989 2164 dehoram?

325 2223 475 2308 Quaenam
497 2236 582 2312 petra
604 2236 657 2301 est,
684 2237 802 2311 praeter
824 2224 919 2289 Deum
942 2225 1102 2290 nostrum?

251 2362 299 2424 [ec]
322 2331 403 2415 Deus
427 2362 480 2427 est,
505 2352 557 2437 qui
579 2370 626 2414 mc
648 2351 774 2434 accingit
795 2347 914 2423 robore,

227 2459 238 2487 '
323 2474 382 2560 Qui
405 2473 573 2562 expeditam
594 2473 694 2539 reddit
714 2475 793 2538 viam
815 2495 925 2551 meam3

230 2613 299 2674 [οι]
323 2599 382 2684 Qui
403 2599 494 2686 pedes
516 2621 599 2664 meos
622 2599 731 2663 similes
755 2597 825 2662 lacit
845 2597 973 2686 pedibus
998 2620 1162 2676 cervorum,

321 2724 360 2790 Et
382 2727 413 2788 in
437 2724 528 2788 celsas
552 2746 632 2789 arces
655 2747 701 2789 me
723 2724 874 2812 perducit3

249 2865 297 2922 [aa]
323 2849 381 2934 Qui
403 2871 508 2914 manus
531 2872 610 2915 meas
632 2851 735 2916 bellica
758 2853 789 2914 vi
811 2849 960 2926 informat,

279 3051 282 3056 ¹
321 2972 363 3041 Ut
382 2975 505 3040 brachio
528 2997 594 3039 meo
616 2979 729 3063 possim
754 2997 876 3042 aeneum
899 2997 999 3041 arcum
1022 2975 1151 3042 tendere.

249 3114 297 3176 [aa]
320 3099 447 3166 Praebes
470 3101 542 3164 mibi
565 3099 744 3166 defensionis
768 3113 837 3167 tuae
861 3103 1004 3190 clypeum,

319 3225 434 3291 Dextra
455 3238 508 3290 tua
530 3247 576 3291 me
599 3225 744 3304 suffulsit,
769 3239 799 3292 et
821 3231 916 3316 gratia
931 3241 984 3293 tua
999 3249 1046 3294 me
1062 3226 1258 3316 amplificavit.

248 3364 297 3427 [er]
320 3351 411 3417 Latos
434 3350 590 3415 reddidisti
611 3372 732 3438 gressus
755 3373 846 3427 meos,

320 3475 360 3541 Ut
381 3476 432 3541 tali
455 3479 511 3540 mci
534 3498 596 3540 non
619 3475 765 3539 vacillent.
794 3513 829 3523 -

591 3593 594 3598 Δ
636 3616 722 3670 sacrabo
737 3615 757 3660 t.

247 3739 295 3802 [aa]
318 3726 484 3814 Persequar
506 3746 588 3790 meos
612 3726 714 3790 hostes
737 3736 827 3812 atque
850 3745 1000 3814 assequar,

318 3848 379 3917 Nec
401 3854 459 3916 nisi
482 3849 622 3915 confectis
645 3851 702 3915 illis
726 3865 865 3916 revertar.

247 3995 294 4050 [aa]
317 3977 361 4042 lta
384 3998 436 4043 eos
458 3979 630 4064 percutiam,
654 3989 688 4041 ut
711 3999 831 4064 surgere
854 3991 1011 4066 nequeant,

318 4100 520 4168 Snccnmbent
540 4101 667 4189 pedibus
690 4105 772 4166 meis.

255 4245 302 4300 [ao]
323 4227 400 4294 Nam
422 4240 456 4293 tu
478 4226 656 4293 merebere
679 4227 717 4292 ad
739 4225 816 4292 bella
839 4226 966 4316 gerenda
990 4229 1117 4304 cinxisti,

317 4355 462 4442 Meosque
485 4352 541 4418 sub
564 4353 691 4440 pedibus
714 4356 786 4418 meis
811 4351 995 4418 adversarios
1018 4357 1218 4442 prostravisti.
