3160 5170
474 594 677 684 congregatae
699 609 770 661 sunt
792 595 895 682 abyssi
918 599 949 660 in
971 595 1068 660 medio
1092 599 1174 660 mari.

290 699 450 822 exod-KVb]
473 721 557 784 Dixit
579 721 689 784 hostis:
714 743 904 808 »persequan
930 742 1080 807 assequar,

474 845 614 909 Praedam
638 845 780 922 dividam,
806 860 835 909 et
857 858 928 910 vota
951 867 1014 909 mea
1037 844 1245 932 explebuntur.

373 1038 375 1042 ,
474 969 624 1058 Stringam
646 970 793 1059 gladium,
818 993 882 1034 mea
904 993 1008 1036 manus
1032 991 1083 1034 eos
1106 968 1343 1057 pessumdabit«

402 1108 450 1170 [ιο]
473 1095 572 1159 Vento
596 1108 649 1158 tuo
673 1095 776 1174 flabas,
800 1109 830 1160 et
852 1098 972 1183 operuit
994 1117 1045 1160 eos
1068 1116 1163 1172 mare;

474 1219 626 1284 Submersi
651 1232 735 1297 sunt,
761 1223 839 1284 siout
859 1218 1028 1306 plumbum,
1053 1222 1083 1283 in
1107 1223 1191 1308 aquis
1214 1221 1375 1284 immensis.

402 1357 450 1419 [11]
476 1345 548 1428 Quis
572 1349 649 1410 sieut
671 1358 704 1409 tu
727 1348 802 1410 inter
824 1345 914 1422 Deos,
937 1343 1075 1409 Jehovai

475 1468 547 1552 Quis
571 1473 649 1532 sieut
670 1481 705 1532 tu
726 1469 899 1556 magnificus
923 1473 953 1533 in
977 1470 1139 1544 sanctitate,

472 1592 624 1658 Laudibus
648 1607 803 1681 augustus,
828 1592 971 1658 mirabilia
993 1591 1170 1680 praestans?

402 1729 450 1792 [ιι]
474 1717 642 1784 Extendisti
665 1719 799 1784 dextram
821 1732 918 1796 tuam,
943 1733 1007 1784 tum
1030 1731 1107 1784 terra
1132 1740 1182 1784 eos
1207 1715 1372 1782 devoravit.

403 1855 451 1916 [1³]
475 1843 533 1907 Pro
556 1836 843 1931 benignitate'ducis
866 1844 1012 1931 populum
1036 1865 1122 1930 quem
1145 1842 1285 1919 liberasti,

473 1967 533 2032 Pro
562 1971 695 2054 potentia
723 1982 775 2032 tua
801 1969 883 2033 dueis
907 1992 972 2033 eum
997 1967 1035 2032 ad
1056 1967 1268 2033 habitationem
1293 1965 1413 2032 Sancti-

875 2096 945 2157 tatis
967 2106 1045 2157 tuae.

649 2393 653 2400 ι
698 2328 814 2372 CHORUS
838 2329 1001 2374 sumtuum.

402 2481 450 2538 [21]
477 2465 559 2533 Cano
583 2467 742 2546 Jehovam,
767 2491 834 2532 nam
857 2468 987 2555 gloriose
1009 2467 1154 2556 gloriatus
1178 2479 1231 2543 est,

472 2591 591 2680 Equum
614 2606 643 2658 et
666 2595 793 2680 equitem
817 2592 921 2679 dejecit
942 2595 973 2656 in
995 2609 1099 2657 mare·

688 2826 882 2872 PRAEFECTUS
906 2828 1007 2873 cuent.

403 2979 450 3040 [ιι]
475 2966 606 3031 Audient
628 2968 686 3032 boe
707 2981 809 3055 gentes
833 2981 862 3032 et
886 2972 1125 3048 contremiscent3

473 3092 585 3156 Incolas
604 3092 787 3158 Palaestinae
809 3096 900 3159 timor
922 3094 1089 3181 oeoupabit

403 3230 451 3292 [ιι]
477 3217 555 3281 Tum
577 3217 744 3304 perturbati
766 3232 854 3284 erunt
874 3219 1031 3306 phylarebi
1052 3218 1220 3296 Idumaeae,

473 3342 614 3408 Prooeres
637 3342 837 3408 Moabitarum
862 3347 1001 3437 oorripiet
1023 3366 1127 3432 pavor,

472 3468 556 3534 Metu
580 3468 717 3534 dissoluti
740 3482 828 3534 emmt
850 3491 951 3534 omnes
976 3468 1165 3536 Canaanaeae
1188 3467 1381 3536 habitatores.

401 3606 449 3668 [ιι]
472 3593 594 3658 lnvadet
617 3616 668 3658 eos
692 3596 781 3657 timor
804 3607 834 3657 et
855 3607 975 3660 tremor.

470 3719 598 3806 Propter
619 3721 781 3805 potentiam
804 3717 918 3784 brachii
941 3723 985 3784 tui
1008 3733 1043 3786 ut
1064 3721 1139 3806 lapis
1164 3718 1377 3802 obmutescent,

471 3843 574 3910 Dones
596 3846 745 3908 transierit
766 3844 898 3930 populus
920 3857 1001 3921 mus,
1026 3844 1151 3921 Jebova,

472 3968 574 4034 Donec
596 3971 746 4035 transierit
767 3970 909 4055 populns,
933 3991 1021 4056 quem
1045 3969 1167 4057 elegisti.

401 4107 449 4172 [ιι]
472 4093 570 4160 Duces
595 4115 661 4160 eum
684 4107 714 4160 et
735 4094 883 4180 plantabis
905 4097 936 4160 in
959 4108 1060 4162 monte
1083 4093 1252 4162 hereditatis
1276 4107 1353 4172 tuae,

472 4221 506 4286 ln
528 4220 604 4297 loeo,
629 4241 717 4307 quem
740 4219 803 4284 sedi
825 4232 894 4285 tuae
916 4222 1043 4308 parasti,
1065 4219 1192 4297 Jebova,

471 4345 504 4412 In
527 4349 665 4423 sacrario,
689 4346 830 4423 Domine,
854 4345 939 4434 quod
960 4367 1065 4412 manus
1088 4358 1157 4410 tuae
1176 4358 1408 4413 exornaverunt.

401 4483 450 4547 [ιι]
472 4471 588 4536 lebova
610 4470 745 4562 regnabit
767 4475 799 4540 in
821 4485 971 4542 amoenum
994 4484 1023 4538 et
1045 4483 1200 4560 perpetuo.
