3164 5176
672 366 748 440 275

477 549 566 684 777
588 551 648 649 77
670 552 803 673 7777
825 579 929 674 7777

579 707 689 809 7777
709 660 768 775 77
786 653 929 811 7777

560 830 633 900 777
612 783 766 935 7777
790 787 922 933 7777

528 938 688 1059 7777'77
711 949 841 1060 7777
847 908 923 1025 77

141 1075 201 1160 Qui
226 1076 345 1163 quidem
370 1097 472 1142 versus
495 1099 558 1144 uon
580 1078 671 1144 modo
695 1080 864 1157 confirmat,
892 1099 995 1146 verum
1019 1080 1105 1143 etiam
1129 1079 1264 1165 explicat,

139 1202 265 1288 phrasin
287 1201 366 1266 illam
389 1198 520 1308 mm
542 1176 679 1310 ΠῚΠΠΝ.
725 1203 787 1270 Nec
814 1207 887 1269 satis
915 1205 1122 1292 cogitaverunt
1147 1207 1183 1281 ii,
1214 1208 1266 1293 qui

140 1329 173 1390 in
195 1329 325 1414 priorem
349 1297 522 1391 sententiam
544 1327 671 1416 pedibus
695 1342 775 1408 eunt,
801 1342 984 1417 quantopere
1007 1328 1055 1394 hic
1078 1351 1183 1395 sensus
1199 1351 1266 1394 cum

139 1454 236 1516 totius
260 1449 375 1518 Cantici
397 1455 560 1518 intentione
584 1467 738 1541 congruat.
784 1451 859 1518 Nam
889 1455 1032 1520 salsorum
1056 1454 1181 1520 deorum
1204 1454 1265 1519 cul-

139 1589 205 1642 tum
228 1579 385 1665 praecipue
408 1580 439 1642 in
462 1599 551 1642 causa
574 1577 675 1657 luisse,
700 1602 753 1645 cur
768 1577 883 1644 Jehova
899 1580 1044 1646 Israelitas
1068 1601 1139 1646 suos
1155 1579 1263 1646 Jabino

140 1700 354 1788 opprimendos
377 1703 521 1782 traderet,
553 1705 597 1770 vel
627 1727 665 1770 ex
692 1707 790 1792 quarti
814 1706 934 1792 capituli
957 1708 1042 1770 initio
1066 1709 1137 1770 satis
1161 1706 1263 1792 liquet.

138 1826 181 1890 Et
207 1830 238 1892 in
265 1839 331 1894 toto
354 1827 493 1894 luditum
522 1828 599 1894 libro
630 1830 778 1895 calamitas
806 1830 910 1895 bellica
936 1831 1134 1896 idololatriam
1156 1834 1265 1917 premit

140 1974 238 2016 eomes
262 1947 453 2036 (11,11,18;
475 1955 521 2032 ΠΙ,
537 1953 567 2032 7,
585 1953 615 2033 8,
633 1953 688 2034 12;
712 1955 762 2034 Vl,
783 1953 866 2034 1,2;
889 1955 929 2034 X,
946 1952 982 2033 63
1006 1955 1082 2032 XIII,
1103 1950 1144 2037 I).
1178 1955 1264 2022 Alio-

140 2081 193 2164 qui
208 2078 352 2164 particula
367 2085 419 2183 Its,
444 2082 475 2143 in
497 2083 635 2166 proxima
652 2081 792 2157 clausula,
813 2082 897 2166 justa
916 2081 1123 2168 explanatione
1141 2093 1261 2146 careret.

138 2196 216 2266 Nam
237 2203 310 2267 hacc
324 2204 477 2289 particula,
503 2227 578 2292 quae
594 2209 764 2293 pronomini
785 2213 826 2310 ΠῙ
850 2203 945 2269 affinis
962 2219 1016 2283 est,
1040 2206 1118 2269 valet
1140 2219 1260 2282 »tunc«,

141 2341 300 2414 »postea«,
331 2341 361 2392 et
390 2331 560 2409 »idcireo«,
592 2335 663 2419 quia
691 2331 810 2396 effectus
834 2352 924 2395 eausa
946 2333 1095 2417 posterior
1118 2343 1171 2394 est.
1217 2331 1261 2395 lta

139 2455 232 2540 igitur
254 2465 336 2518 vates
360 2468 463 2520 nostra
477 2456 543 2520 vult
566 2455 675 2534 dicere;
700 2455 897 2544 »simulatque
912 2455 1058 2520 Israelitae
1076 2477 1173 2520 novos
1189 2455 1261 2520 deos

140 2577 307 2665 elegerant«
337 2575 369 2662 (i.
386 2604 411 2645 e.
432 2583 466 2659 in
489 2579 686 2647 idololatriam
709 2581 784 2669 lapsi
808 2575 919 2662 erant),
950 2593 1055 2657 amne,
1086 2587 1141 2683 77,
1171 2579 1259 2657 illico,

138 2702 249 2768 bellum
272 2718 335 2770 erat
358 2717 424 2771 ante
447 2720 586 2794 portas«,
610 2711 630 2771 i.
647 2731 671 2774 e.
696 2709 728 2771 in
743 2705 832 2772 urbes
849 2727 918 2772 suas
935 2707 1028 2770 coacti
1044 2717 1136 2781 erant,
1160 2703 1261 2792 iquue

139 2834 322 2918 expugnati«
341 2827 444 2915 (vide
435 2845 611 2919 interpretes
627 2832 664 2898 ad
679 2833 739 2897 les.
755 2832 890 2908 XXVIII,
908 2826 959 2913 6),
976 2852 1055 2919 »quo
1074 2829 1162 2909 sacto,
1179 2834 1262 2896 omni

138 2967 289 3020 armatura
310 2956 415 3022 nudati
439 2971 533 3024 sunta
567 2959 655 3026 At
632 2982 657 3022 sr
681 2961 748 3045 quis
769 2956 935 3043 subjectum
951 2955 1033 3022 verbi
1056 2963 1152 3052 'imi
1174 2979 1261 3046 aegre

138 3080 188 3144 hic
211 3080 370 3146 desiderari
392 3082 523 3170 putabit,
554 3086 584 3148 in
612 3095 756 3170 promptu
785 3095 831 3148 est
858 3082 1028 3148 remedium.
1076 3051 1157 3166 Quid
1183 3086 1260 3148 enim

137 3203 253 3270 facilius
289 3229 376 3294 quam
411 3230 554 3297 reponere
590 3231 698 3272 nomen
731 3182 862 3313 '7777'
896 3220 968 3295 post
1000 3207 1082 3273 istud
1114 3208 1261 3274 verbum?

137 3330 214 3396 Nam
228 3331 390 3399 litterarum
409 3333 516 3399 ductus
540 3333 578 3398 ad
600 3355 730 3421 unguem
752 3346 955 3418 repraesentat
975 3333 1034 3397 boc
1049 3332 1172 3401 verbum
1193 3356 1260 3400 cum

136 3459 235 3543 prima
257 3461 406 3546 sequentis
429 3457 567 3525 vocabuli
589 3456 704 3547 syllaba
727 3457 934 3543 conjunctum:
959 3460 1001 3521 sic

644 3558 773 3656 77777

619 3682 774 3782 7777777

136 3829 242 3922 Neque
263 3837 340 3899 enim
363 3855 541 3922 magnopere
565 3835 705 3900 differunt
726 3830 762 3906 Ψ
784 3839 855 3908 ιι)
876 3836 986 3903 cumn
1010 3833 1175 3919 conjuncte.
1209 3829 1258 3909 1⁴27,

137 3972 174 4024 ut
196 3960 267 4024 mibi
291 3959 408 4046 quidem
431 3961 563 4037 videtur,
595 3962 767 4026 concinnior
795 3959 846 4025 fiet
873 3962 937 4046 ipse
959 3957 1095 4023 versiculi
1118 3977 1260 4022 numerus

139 4087 165 4148 si
188 4088 229 4149 ita
252 4085 333 4150 illato
356 4089 475 4150 nomIne
498 4060 628 4190 7777*
649 4084 836 4174 producitur.
873 4082 978 4148 Obiter
1001 4104 1107 4147 moneo
1131 4082 1260 4169 quadra·

137 4212 221 4296 ginta
243 4210 292 4274 illa
314 4211 469 4275 hominum
489 4211 579 4276 millia
594 4211 650 4288 hio,
675 4223 710 4275 ut
725 4233 812 4297 saepe
827 4208 905 4287 alibi,
930 4230 1086 4274 numerum
1100 4206 1260 4296 quemlibet

138 4355 277 4424 maguum
301 4336 464 4426 designare.

227 4484 276 4526 vv.
294 4458 424 4528 9-11.
458 4460 492 4524 ln
517 4458 630 4538 tribus,
660 4462 712 4547 qui
740 4429 922 4548 sequuntur,
947 4457 1099 4536 versibus,
1123 4458 1259 4542 junctam

991 4577 1045 4634 18·
