3152 5160
824 364 897 440 124
971 399 973 403 -
1176 331 1183 380 '

299 578 376 644 Mox
405 581 496 665 igitur
523 589 638 654 monet,
669 573 722 640 ubi
749 573 832 640 electi
855 574 1015 660 quaerendi
1037 578 1112 654 sint,
1145 578 1255 642 scilieet
1277 580 1308 643 in
1331 592 1418 644 coetu

302 716 484 768 vocatorum.
522 701 600 778 ldeo,
625 703 736 789 inquit,
761 721 838 788 quos
860 700 957 786 clepit,
981 701 1036 766 lies
1059 703 1259 768 mucescit«
1304 703 1416 768 Electio

300 832 391 917 igitur
419 842 448 895 et
468 826 698 914 praedestinatio
721 824 777 890 Dei
799 847 861 890 non
883 824 921 889 ad
944 827 1078 914 singulos
1101 827 1235 892 homiues
1257 831 1415 916 pertinent,

300 955 352 1021 sed
380 953 418 1018 ad
444 965 617 1040 perpetuam
639 952 718 1016 illam
740 951 914 1028 Ecclesiam,
945 973 1021 1038 quae
1046 953 1122 1016 viam
1145 951 1248 1018 salutis
1271 965 1418 1020 monstrat

299 1093 387 1166 atquc
410 1081 513 1166 aperit.
559 1074 635 1141 Nam
657 1089 693 1143 ut
716 1075 878 1142 Gulielmus
903 1073 1009 1142 Occam
1034 1076 1133 1142 docet:
1159 1081 1349 1165 »quicunque
1373 1091 1418 1144 est

297 1203 534 1291 praedestinatus
558 1215 603 1268 est
626 1205 830 1289 contingenter
851 1199 1096 1288 praedestinatus,
1122 1214 1151 1266 et
1165 1223 1219 1290 per
1233 1223 1416 1290 consequens

298 1343 399 1418 potest
421 1329 571 1395 damnari«
599 1322 681 1409 (Lib.
698 1327 720 1391 Ι.
745 1325 813 1390 ἀίει.
829 1324 883 1391 40.
908 1339 1021 1413 quaest.
1042 1322 1088 1408 1).
1137 1325 1226 1410 Quod
1249 1331 1274 1392 si
1296 1330 1417 1393 univer·

299 1477 361 1520 sem
383 1454 542 1520 Ecclesiam
565 1465 746 1541 spectamus,
777 1452 868 1528 hane,
896 1451 1154 1540 Melanchthouem
1177 1465 1350 1541 sequentes,
1381 1453 1417 1518 de

299 1580 403 1646 ellectu
432 1580 582 1646 electionis
615 1591 766 1644 teneamus
801 1575 1034 1643 consolationem
1061 1615 1096 1626 -
1124 1577 1239 1642 »Deum
1270 1578 1417 1643 volentem

298 1729 358 1770 non
381 1708 478 1792 perire
504 1717 601 1771 totum
623 1725 718 1792 genus
741 1702 918 1777 hmnannm‚
950 1723 1065 1790 semper
1087 1715 1211 1789 propter
1233 1702 1340 1768 Filium
1362 1725 1418 1790 per

298 1830 528 1897 misericordiam
543 1851 663 1906 vocare,
688 1829 819 1905 traheret
844 1841 873 1894 et
894 1828 1030 1916 colligere
1044 1827 1218 1905 Ecclesiam,
1243 1841 1273 1892 ct
1287 1829 1416 1915 recipere

298 1959 498 2032 assentientes,
523 1966 611 2041 atque
633 1957 675 2019 ita
690 1954 763 2018 velle
786 1975 901 2040 semper
923 1954 1051 2040 aliquam
1073 1974 1136 2018 esse
1151 1953 1310 2018 Ecclesiam
1326 1974 1416 2041 quam

299 2081 421 2168 adjuvat
441 2093 471 2145 et
492 2079 606 2144 salvat«
630 2073 714 2160 (Loci
731 2077 877 2165 Theolog.
902 2077 938 2143 de
954 2074 1250 2161 Praedestinatione).
1288 2078 1416 2144 Articuli

297 2207 339 2271 illi
353 2203 502 2282 XXXIX,
528 2208 579 2292 qui
601 2202 688 2269 fidem
706 2202 899 2290 Anglicanam
921 2202 1077 2281 exhibent,
1101 2216 1202 2291 aperte
1225 2202 1333 2269 docent
1354 2217 1415 2269 tam

297 2333 329 2396 in
351 2333 442 2395 veteri
466 2351 554 2417 mam
577 2331 710 2394 innovo
736 2327 936 2406 Testamenta,
963 2349 1017 2415 per
1041 2326 1209 2406 Christum,
1234 2332 1286 2416 qui
1307 2331 1414 2394 unicus

298 2469 343 2522 est
362 2455 510 2522 Mediator
525 2455 581 2522 Dei
604 2469 634 2520 et
655 2454 824 2533 hominum,
850 2467 1016 2520 »aeternam
1039 2457 1130 2520 vitam
1152 2452 1287 2520 temone
1307 2457 1417 2541 pomeri

298 2603 360 2647 esse
382 2585 588 2669 propositam«
612 2576 796 2663 (Art.vt1);
826 2592 868 2658 et,
892 2579 1150 2646 Melanchthonem
1172 2601 1265 2666 paene
1288 2578 1327 2644 ad
1348 2602 1416 2645 ver-

296 2707 368 2772 bum
392 2720 557 2796 sequentes,
581 2706 763 2771 voluntatem
785 2705 840 2770 Dei
862 2704 1060 2819 proclamapt,
1086 2727 1174 2792 quam
1197 2707 1228 2770 in
1251 2703 1343 2770 verbo
1359 2704 1415 2770 Dei

297 2831 439 2898 hahemus
463 2831 569 2896 diserte
592 2831 763 2908 revelatam,
789 2831 912 2908 seilicet,
937 2831 1032 2898 Deum
1056 2831 1130 2896 velle
1154 2851 1255 2895 omnes
1277 2831 1414 2894 homines

297 2956 396 3023 salvos
418 2956 491 3020 fieri.
540 2953 639 3038 Quum
663 2959 755 3043 igitur
781 2958 1009 3044 promissionem
1033 2958 1226 3044 sempiternae
1248 2958 1325 3021 vitae
1347 2968 1415 3020 tan·

175 3111 178 3117 ¹
297 3103 386 3170 quam
412 3080 794 3168 generaliterpropositam
817 3081 1039 3169 amplectamur,
1070 3081 1152 3148 haud
1174 3084 1318 3148 immerito
1341 3103 1415 3147 con-

297 3205 434 3272 cludebat
456 3204 628 3271 venerabilis
657 3206 705 3270 ille
730 3206 876 3273 Ecclesiae
901 3206 1074 3274 Hibernicae
1101 3210 1237 3285 antistes,
1266 3207 1413 3274 Ricardus

295 3333 459 3408 Laurence,
490 3330 627 3397 doctores
656 3344 777 3397 nostros
804 3345 870 3397 toto
894 3331 982 3398 eorde
1005 3332 1178 3420 repudiasse
1200 3334 1414 3401 exsecrandum

178 3527 187 3552 N
295 3459 378 3523 illum
399 3457 523 3522 Joaunis
548 3453 663 3523 Caluini
686 3456 891 3534 Stoicismum,
925 3479 1013 3546 quem
1041 3459 1090 3522 alii
1113 3459 1234 3547 quidam
1255 3458 1344 3526 uobis
1367 3463 1414 3526 in·

291 3581 478 3672 jungendum
502 3595 621 3648 censent
642 3583 810 3670 (Bampton
832 3582 971 3648 Lectures
994 3582 1042 3650 lor
1061 3580 1174 3667 1804).

385 3706 506 3772 Gemelli
519 3705 633 3785 lratres,
651 3729 780 3796 quorum
795 3709 920 3774 historia
935 3721 965 3774 et
978 3707 1101 3774 fomuna
1115 3712 1145 3775 in
1160 3709 1219 3775 hoc
1233 3709 1411 3798 Fragmento

295 3831 516 3910 describuntur,
546 3854 607 3898 non
629 3833 721 3899 modo
745 3833 820 3900 duas
841 3837 975 3900 natones
1000 3833 1156 3913 denotant,
1186 3839 1409 3915 verumetiam,

294 3972 330 4024 ut
351 3957 495 4035 vidimus,
525 3957 600 4023 duas
623 3979 731 4044 easque
753 3961 830 4024 inter
853 3981 884 4024 se
907 3962 1069 4026 contrarias
1093 3959 1230 4028 credendi
1252 3973 1282 4026 ct
1304 3961 1411 4049 agendi

293 4086 433 4149 natones.
468 4082 550 4149 Licet
571 4085 663 4171 igitur
686 4095 869 4172 exspectare,
893 4097 928 4150 ut
949 4088 1071 4152 nomina
1092 4089 1227 4174 ipsorum
1241 4109 1304 4154 non
1318 4087 1409 4154 modo
1488 4054 1492 4066 Ι

293 4207 556 4296 ethnographicam
578 4210 734 4297 utriusque
757 4207 952 4294 democratem,
974 4211 1027 4278 sed
1048 4233 1156 4290 mores,
1185 4234 1262 4301 quos
1284 4235 1355 4300 prae
1378 4235 1410 4278 se

294 4331 406 4410 lemme,
431 4331 645 4421 quadamtenus
669 4335 765 4402 saltim
788 4340 964 4424 exprimant.
1002 4337 1046 4404 At
1066 4341 1098 4405 in
1119 4349 1220 4417 textu,
1244 4359 1333 4428 quem
1355 4339 1411 4404 ha·

292 4455 411 4536 bemus,
439 4457 657 4540 Masorcthico,
686 4465 807 4530 nonnisi
835 4464 958 4554 gentiles
986 4462 1129 4532 habemus
1157 4466 1279 4554 majoris
1309 4463 1409 4536 tants
