3164 5176
616 385 828 500 Q-

160 609 259 664 autem
288 597 468 685 pessumdet.
515 595 620 665 Cetera
647 595 784 664 Deborae
813 577 947 686 assigno,
978 619 1069 687 quae,
1100 611 1135 666 ut
1162 601 1279 688 opinor,

159 724 238 789 hanc
261 723 339 789 oden
362 727 539 812 composuit.

250 848 316 912 Etsi
334 847 469 914 credibile
485 849 622 914 osthane
637 849 810 913 cantilenam
825 862 930 936 postea
946 853 1063 936 saepius
1078 854 1110 916 in
1124 864 1223 917 tantae
1238 855 1280 918 rei

159 976 333 1037 memoriam
355 976 506 1038 recitatam
528 973 635 1051 luisse,
659 977 730 1038 satis
754 975 916 1040 luculenter
936 988 1059 1062 apparet
1074 996 1112 1039 ex
1126 979 1193 1062 ipso
1210 999 1280 1042 con·

159 1110 248 1163 textu
276 1119 339 1162 eam
367 1100 513 1185 principio
544 1097 704 1165 aDebora
725 1099 835 1163 ideireo
860 1103 1054 1186 conscriptam
1078 1123 1157 1178 esse,
1188 1114 1279 1166 uteo

160 1223 208 1286 die
232 1235 393 1301 caneretur,
419 1244 479 1310 quo
503 1226 599 1288 victor
612 1223 743 1312 Raraqui
767 1227 922 1300 exercitus,
947 1247 1007 1290 uua
1030 1246 1096 1289 cum
1117 1225 1173 1289 illis
1188 1227 1280 1290 lsrae-

159 1348 279 1413 litarum
304 1351 396 1436 copiis
421 1369 496 1435 quae
520 1350 614 1413 serius
638 1363 835 1426 accesserant,
860 1350 983 1414 solemni
1005 1372 1115 1438 pompa
1134 1350 1279 1416 deductus

161 1485 221 1550 est,
245 1485 275 1536 et
297 1494 357 1560 quo
382 1477 515 1560 captivos
538 1497 572 1539 ac
595 1475 737 1561 reliquam
753 1474 892 1561 praedam
908 1475 1013 1540 milites
1029 1477 1105 1540 iuter
1120 1498 1151 1539 se
1167 1479 1280 1540 socios·

160 1619 220 1685 que
251 1597 464 1685 partiebantur.
510 1599 589 1665 Auta
619 1599 722 1664 oculos
752 1603 836 1687 quasi
864 1611 1053 1688 praesentem
1075 1623 1185 1689 ponere
1213 1602 1281 1666 licet

158 1723 284 1810 longum
313 1724 394 1788 illum
422 1725 668 1811 triumphantium
698 1729 879 1790 comitatum.
924 1725 1063 1790 Mulieres
1093 1749 1132 1791 ex
1153 1725 1279 1792 urbibus

158 1848 325 1913 Israeliticis
341 1862 476 1915 canentes
493 1863 523 1914 et
536 1851 675 1915 saltantes
691 1853 838 1915 victorum
853 1851 996 1938 relliquiis
1012 1849 1130 1916 obviam
1146 1855 1278 1930 veniunt,

161 1993 228 2037 eum
251 1977 400 2062 tympanis
424 1987 454 2039 et
470 1975 625 2063 triangulis
644 1976 808 2042 alternatim
824 1989 969 2042 canentes.
1004 1977 1035 2041 ln
1051 1981 1148 2065 primo
1165 1981 1279 2066 agmine

160 2099 328 2186 procedunt
349 2103 508 2187 principes,
532 2103 609 2166 inter
631 2121 708 2188 quos
725 2102 891 2190 Baraquus,
917 2106 1074 2168 comitante
1097 2103 1280 2168 nobilissima

160 2224 212 2288 illa
238 2225 399 2313 Lepidothi
432 2247 538 2290 uxore.
588 2225 631 2290 lbi
659 2226 816 2314 Ephraim,
852 2228 1058 2316 prophetissae
1091 2228 1202 2307 tribus;
1238 2228 1279 2292 ibi

161 2349 330 2435 Benjamin,
360 2350 503 2438 parvarlus
532 2351 595 2428 ille,
626 2351 781 2416 dominans
808 2355 884 2416 inter
906 2349 1011 2417 fratres
1034 2375 1122 2431 suos3
1150 2351 1193 2416 ibi
1214 2353 1279 2418 Ma-

160 2477 277 2539 nassaei
305 2489 335 2540 et
361 2476 568 2554 lssacharitae;
598 2475 640 2540 ibi
663 2474 825 2541 Zebulonis
854 2479 1018 2563 principes,
1049 2481 1099 2564 qui
1122 2481 1213 2542 vitam
1241 2477 1280 2541 ad

160 2613 286 2665 mortem
314 2621 409 2689 usque
431 2602 483 2666 vili
511 2589 751 2680 aestimaveraut3
781 2602 822 2667 ibi
845 2601 999 2666 fortissimi
1020 2602 1278 2690 Naphthalitarum

161 2729 214 2813 qui
244 2748 310 2790 cum
331 2727 471 2814 Beraquo
501 2749 538 2790 ex
566 2715 645 2814 agris
668 2730 816 2792 montanis
840 2727 1059 2792 descenderant.
1106 2726 1280 2815 Sequuntur

160 2851 252 2938 longo
278 2851 380 2915 ordine
404 2853 512 2938 captivi
537 2855 746 2940 captivaeque3
770 2852 871 2918 ferreis
888 2853 987 2918 Sisrae
1011 2853 1146 2918 curribus
1165 2854 1279 2920 vehun-

159 2988 214 3040 tur
233 2997 400 3063 purpureae
423 2989 529 3053 vestes,
554 2977 709 3043 mulierum
730 2977 921 3045 Sidoniorum
945 3001 1049 3066 opera,
1074 2980 1181 3044 loricae
1205 3001 1278 3045 auro

160 3103 350 3180 intertextae,
379 3102 470 3190 gladii
499 3125 657 3191 ensesque,
689 3104 871 3170 Damascene
901 3105 978 3170 serre
1008 3109 1095 3170 acuti.
1142 3103 1279 3194 Undique

161 3225 399 3305 acclamationes,
423 3229 554 3317 undique
577 3229 684 3294 laudet
701 3230 847 3295 deborae!

251 3350 312 3417 Sed
330 3354 392 3440 jam
416 3354 533 3420 tandem
557 3353 596 3419 ad
613 3354 799 3442 singulorum
813 3333 1085 3440 interpretationem
1102 3353 1280 3421 descendeu-

162 3477 234 3542 dum
256 3490 309 3544 est.

252 3629 280 3668 v.
300 3601 328 3668 1.
362 3606 395 3670 lu
417 3609 484 3694 ipso
503 3604 617 3671 Cantici
638 3609 722 3670 initio
749 3607 901 3691 qraemtur
923 3605 997 3693 quid
1018 3603 1076 3670 sibi
1098 3605 1170 3670 velit
1191 3604 1278 3669 illud:

504 3706 662 3836 hatum
686 3723 804 3833 rivae:
828 3722 933 3824 aasz:

160 3853 306 3940 Equidem
329 3855 428 3920 nullus
453 3877 518 3920 sum
543 3825 651 3921 dubius
676 3859 748 3943 quin
771 3825 818 3919 vel
839 3826 910 3921 vera
933 3859 972 3921 sit
986 3857 1033 3921 vel
1047 3880 1118 3923 vero
1142 3859 1279 3943 proxima

161 3982 284 4066 antiqua
306 3980 355 4044 illa
371 3980 590 4046 Theodotionis
610 3984 722 4046 versio:
746 3980 782 4046 dv
803 3981 847 4068 τῷ
869 3979 1039 4068 ἄρξασθαι
1061 3976 1222 4066 tampade
1244 3979 1280 4046 dv

154 4099 290 4190 Ἰσραήλ.
337 4104 427 4189 Quod
449 4109 557 4172 evincit
579 4110 665 4172 etiam
688 4107 810 4171 lineolae
833 4103 983 4194 sequentis
1007 4109 1171 4195 appositio:

483 4225 570 4336 aspa
592 4234 689 4339 aaa?
712 4237 767 4336 nu
789 4233 950 4338 :pappa

161 4355 265 4445 Exigit
286 4359 362 4422 enim
385 4356 482 4444 proba
504 4328 658 4424 antithesis
682 4370 717 4422 ut
740 4379 806 4422 cum
827 4326 941 4445 populo
965 4356 1053 4420 duces
1070 4359 1157 4421 etiam
1172 4359 1203 4421 iu
1218 4377 1280 4422 scc-

161 4505 230 4548 nam
252 4482 440 4550 inducantur.
475 4484 650 4550 Praesertim
674 4471 764 4572 quum
789 4482 890 4548 eadem
912 4484 1062 4570 appositio
1085 4483 1185 4570 paullo
1204 4482 1281 4548 inira
