3164 5176
167 536 251 590 tuum
276 524 395 590 evolvas
417 545 455 590 ae
478 546 570 590 unum
592 523 713 612 quidem
736 526 903 610 exemplum
925 527 1071 603 invenies,
1102 524 1153 591 ubi
1176 533 1217 631 tls
1240 545 1286 592 rc⁴

165 650 258 716 latito
274 651 377 716 'sensu
409 661 582 736 usurpatur.
630 649 720 732 Quod
750 653 826 714 enim
855 648 975 716 duobus
1005 654 1034 716 in
1063 651 1136 716 locis
1165 655 1211 717 vir
1237 653 1286 716 illc

165 774 336 840 laboriosus
365 775 607 862 significationem
635 797 710 838 acm
737 775 807 838 huic
835 775 995 861 particulae
1017 779 1181 863 assignavit
1203 772 1285 859 (tud.

164 898 204 976 V,
224 898 274 964 13.
302 899 410 964 Psalm.
427 899 600 975 LXXXIX,
618 895 689 981 20),
719 899 879 986 utrobique
909 899 1080 986 temporalis
1109 913 1138 964 et
1165 901 1286 966 demon-

165 1027 289 1090 strativa
313 1028 359 1088 vis
382 1025 485 1089 elucet.
526 1025 605 1090 Idem
629 1025 725 1088 valere
748 1025 784 1088 de
808 1024 954 1089 hocloco
979 1024 1103 1090 affirmo.
1145 1022 1219 1088 Nam
1244 1033 1286 1129 tt}

165 1151 259 1242 ἾΞῚῚ
281 1172 343 1214 non
367 1149 478 1226 differt,
501 1152 558 1212 nisi
582 1152 703 1214 mutatis
725 1149 884 1226 mutandis,
909 1150 1096 1216 elocutione
1112 1149 1161 1212 illa
1175 1149 1285 1214 Psalmi

166 1245 263 1340 citati}
291 1276 401 1378 ῃἾξιἾ
423 1281 480 1376 ³²5³
504 1296 592 1361 qnam
616 1297 718 1338 omnes
741 1287 863 1340 vertunt
884 1285 956 1338 tnnc
978 1278 998 1338 i.
1015 1297 1039 1338 e.
1065 1296 1156 1361 quum
1179 1273 1284 1340 foedus

163 1400 240 1464 illud
262 1369 355 1464 iecisti
377 1400 495 1464 locatos
518 1423 549 1462 ec
570 1402 604 1462 io
619 1400 745 1466 oraculo
770 1395 835 1485 (per
849 1397 1029 1476 Nathanem,
1053 1398 1236 1476 assavit,
1249 1395 1284 1480 ll)

165 1525 210 1590 ad
224 1527 318 1610 mom
339 1535 433 1588 tonan.
481 1521 648 1591 Contentus
677 1528 741 1611 ipse
768 1525 902 1610 postolat
924 1537 958 1588 nt
981 1524 1029 1588 hic
1052 1546 1172 1610 quoque
1195 1523 1285 1592 verba

165 1663 329 1716 vertamus:
355 1661 445 1714 »eote
467 1651 621 1736 terporis,
647 1650 756 1716 scilieet
779 1672 813 1714 eo
838 1653 904 1735 ipso
922 1649 967 1714 dic
983 1670 1044 1735 quo
1061 1649 1177 1714 debora
1191 1650 1285 1716 Amo-

163 1797 250 1840 racos
262 1776 400 1840 Israelitis
416 1774 554 1852 traderet,
572 1775 717 1840 allocutus
731 1789 776 1840 ost
786 1775 880 1840 desua
888 1774 1034 1840 dehoram
1050 1788 1078 1840 ct
1094 1774 1172 1840 dixit
1184 1797 1283 1842 coram

164 1903 297 1966 exercitu
319 1923 408 1964 suo«
442 1898 511 1965 Non
533 1923 610 1987 nego
634 1900 696 1966 lieri
720 1923 809 1987 posse
832 1913 868 1965 ut
890 1899 1050 1966 meridiano
1067 1912 1199 1987 tempore
1214 1902 1283 1966 loma

164 2048 301 2090 oceasum
324 2048 428 2090 versus
457 2039 598 2112 appareat
621 2021 693 2112 (qna
721 2029 842 2113 regione
861 2026 956 2111 jacuit
977 2024 1087 2110 Ajalon
1111 2049 1127 2090 a
1152 2024 1283 2094 Gibeonc

163 2146 351 2238 conspecta),
382 2149 434 2214 sed
463 2153 492 2216 in
523 2151 577 2214 hac
606 2151 732 2217 dictione
762 2151 847 2216 lunae
876 2164 975 2238 partes
1004 2156 1127 2239 exiguas
1150 2173 1213 2216 csse
1238 2152 1284 2214 vol

163 2275 261 2342 scriba
288 2276 336 2340 ille
364 2275 581 2341 Mesorothieus
613 2275 701 2352 vidit,
733 2279 784 2361 qui
808 2271 849 2356 (v.
872 2272 925 2358 13)
953 2279 1074 2348 nonnisi
1103 2277 1194 2341 solem
1223 2295 1284 2340 me·

161 2413 270 2465 morat.
316 2398 381 2464 Nisi
407 2399 482 2466 sorte
512 2414 601 2488 putas
624 2400 747 2465 Josuam
771 2400 917 2476 voluisse,
949 2413 983 2464 ut
1003 2401 1074 2464 luna
1098 2401 1194 2464 saltim
1216 2400 1283 2465 illu·

161 2528 289 2590 mioaret
308 2525 439 2592 hostium
458 2529 695 2602 insectationem,
719 2537 879 2610 postquam
903 2525 974 2590 solis
994 2524 1102 2590 lumine
1120 2525 1159 2588 ad
1174 2524 1283 2591 Gibeo-

161 2673 228 2716 nem
253 2665 383 2718 cessante
400 2665 482 2716 trans
495 2651 570 2738 juga
586 2653 730 2716 montium
747 2653 777 2713 in
793 2649 896 2714 vallem
912 2649 1047 2734 Ajalonis
1065 2649 1284 2714 descendissent

161 2779 303 2852 victores,
320 2789 350 2840 et
378 2779 456 2840 victi.
504 2775 626 2840 Summa
657 2779 732 2840 enim
763 2777 841 2851 voti,
871 2787 906 2838 nt
931 2775 1006 2840 vidit
1027 2775 1281 2853 Rosenmiillerus,

161 2901 235 2966 haec
263 2914 320 2964 est:
357 2903 473 2966 »nolint
505 2901 565 2967 duo
594 2924 665 2988 prae
696 2905 798 2969 ceteris
828 2899 1016 2988 aspectabilia
1045 2911 1124 2966 astra
1151 2923 1281 2988 propero

162 3049 253 3092 cursu
276 3026 369 3092 locem
391 3027 529 3092 israelitis
558 3030 588 3090 in
611 3027 667 3092 hac
690 3029 943 3114 opportunissima
966 3027 1040 3090 valle
1064 3025 1193 3092 ablatum
1215 3045 1283 3112 per-

161 3173 245 3237 gere,
269 3154 413 3238 tantisper
436 3152 506 3221 dum
531 3174 603 3218 suos
627 3152 729 3216 hostes
753 3151 936 3217 caederent«

250 3275 300 3342 Ad
329 3280 463 3342 carminis
492 3281 589 3345 nostri
617 3281 843 3365 integrationem
873 3276 956 3364 quod
983 3281 1088 3344 attinet
1113 3280 1283 3364 conjectura

162 3423 240 3488 opus
269 3415 323 3466 est.
369 3400 442 3466 Nam
473 3401 563 3468 verba
592 3405 658 3489 ipsa
686 3405 717 3466 in
746 3405 914 3467 narratione
944 3401 1143 3466 Masorethica
1170 3403 1283 3468 inclusa

160 3530 254 3590 teneri
283 3547 370 3592 nemo
400 3527 556 3595 crediderit
584 3531 634 3614 qui
664 3527 760 3592 Jndie.
789 3550 815 3591 c.
840 3525 881 3590 lV
911 3548 976 3590 cum
1004 3524 1139 3590 Deborae
1168 3530 1281 3592 cantico

161 3655 385 3738 comparaverit
419 3651 463 3716 lbi
480 3656 555 3718 enim
578 3648 660 3734 (Jud.
677 3652 719 3718 lV
741 3648 1161 3738 v.14)DeboraBaraquum
1179 3652 1282 3718 eodem
1373 3668 1375 3674 '

159 3776 251 3842 modo
281 3799 341 3864 quo
371 3778 419 3844 hic
443 3773 819 3859 (v.8tteh0vatosua1o
846 3777 1000 3854 hortatum
1029 3797 1149 3862 nempe,
1179 3777 1281 3842 hostes

160 3900 266 3967 infesta
295 3905 355 3968 acic
385 3903 604 3992 oppugnandos
634 3925 714 3982 esse3
746 3925 813 3968 nam
837 3903 932 3969 Deum
957 3926 1009 3970 cos
1031 3906 1061 3969 in
1085 3901 1281 3966 israelitarum

159 4047 265 4095 manns
294 4027 460 4102 tradidisse.
506 4029 551 4094 De
579 4051 639 4115 quo
669 4043 766 4094 tamen
796 4029 917 4094 oraculo
942 4028 1008 4092 silet
1030 4027 1166 4092 Deborae
1188 4029 1282 4113 epini-

160 4155 247 4219 cium.
294 4153 390 4218 Filnm
414 4153 573 4231 hahemus,
605 4177 680 4240 qnae
703 4177 758 4218 nos
782 4153 820 4218 ad
844 4155 970 4239 aliquam
995 4165 1071 4218 certe
1095 4154 1193 4216 amissi
1217 4151 1282 4216 tho·

160 4282 240 4347 sauri
269 4291 382 4365 partem
410 4282 495 4367 qnasi
518 4301 608 4346 manu
633 4280 729 4347 ducat.
776 4277 851 4344 Nam
875 4300 976 4344 vocem
1001 4283 1100 4383 Ἶῼῌ,
1132 4299 1207 4364 quae
1231 4275 1281 4342 bo·

158 4405 340 4490 atoniacam
354 4404 491 4486 denotat,
514 4408 545 4470 in
568 4406 617 4470 illa
631 4406 727 4472 Masis
744 4409 884 4474 oratione
899 4408 941 4472 ita
954 4415 1129 4500 usurpatam
1147 4385 1281 4472 videmos
