3172 5186
628 361 839 474 Q

168 573 334 637 narrationi
350 574 492 636 insertum
508 568 686 648 continebat,
711 571 742 635 id
757 571 841 658 quod
856 573 1012 638 verisimile
1028 586 1082 651 est,
1100 573 1164 638 lieri
1178 589 1288 662 potest,

168 709 205 762 ut
233 699 292 761 ista
313 699 441 760 varietas
470 695 619 771 lectionis,
649 695 721 760 dmn
749 695 824 760 liber
848 695 1031 762 Samuelieus
1058 701 1089 762 in
1113 700 1290 786 exemplaria

169 821 298 908 plurima
321 818 558 896 exscribebatur,
587 823 695 884 sensim
716 822 747 885 in
770 833 885 886 textum
908 824 1074 908 irrepserit3
1104 822 1290 888 Psalmorum

170 957 270 1009 autem
293 943 444 1020 editorem,
469 947 521 1031 qui
536 965 623 1008 suum
639 946 789 1031 exemplar
803 945 922 1010 aliunde
938 944 1099 1023 derivabat,
1122 968 1185 1011 non
1199 947 1291 1013 fuisso

170 1067 318 1156 ejusmodi
348 1067 601 1134 decantationibus
632 1067 807 1134 obnoxium.
850 1068 890 1134 Ut
916 1070 989 1134 mihi
1018 1070 1137 1158 quidem
1162 1070 1289 1150 videtur,

170 1207 277 1259 auctor
299 1193 349 1257 vel
369 1193 466 1258 editor
487 1192 557 1258 libri
579 1192 734 1258 Samueliei
757 1193 815 1259 fuit
836 1195 883 1260 ille
905 1191 1041 1272 Nathan,
1066 1198 1132 1282 qui,
1156 1208 1192 1260 ut
1214 1197 1291 1260 veri-

170 1319 264 1384 simile
288 1286 342 1395 est,
365 1317 474 1383 librum
489 1317 686 1383 Jasharanum
709 1319 888 1406 compilavit.
909 1313 950 1384 ¹Is
973 1323 1077 1407 ntique
1100 1341 1138 1384 ex
1161 1341 1216 1384 sna
1238 1342 1291 1385 an·

169 1443 308 1532 thologia
334 1446 366 1506 in
393 1443 547 1508 historiam
576 1446 761 1530 transcripsit
790 1457 866 1530 quot
893 1443 950 1508 sibi
974 1447 1070 1509 visum
1099 1457 1175 1510 esset
1198 1447 1291 1542 eanti7

170 1569 261 1632 lenas.
296 1567 385 1645 ldem,
409 1580 444 1632 ut
467 1567 622 1633 verisimile
646 1581 699 1644 est,
723 1571 847 1654 primam
869 1568 1054 1634 Psalmorum
1078 1568 1290 1634 Davidieorum

171 1693 372 1758 collectionem
401 1691 513 1780 publici
536 1694 614 1779 juris
637 1692 715 1757 fecit.
753 1692 792 1756 Et
815 1713 907 1780 quum
930 1715 992 1757 non
1016 1697 1114 1758 omnia
1136 1693 1291 1759 Jasharani

170 1817 239 1882 libri
262 1821 398 1894 carmina,
423 1839 498 1906 quae
521 1817 559 1881 ad
580 1815 704 1882 Davidis
726 1829 861 1904 tempora
882 1821 1071 1905 pertinerent,
1095 1823 1126 1883 in
1148 1818 1291 1884 Davidica

171 1943 297 2006 historia
320 1945 501 2019 inseruisset,
526 1963 601 2030 qnae
623 1941 665 2007 ibi
682 1945 829 2007 omisisset
843 1943 903 2007 hue
916 1943 1077 2021 transtulit,
1102 1965 1178 2032 quae
1193 1957 1291 2008 autem

171 2066 213 2132 ibi
236 2070 450 2155 exscripsisset,
473 2068 522 2131 hie
545 2067 707 2132 omittenda
728 2072 856 2155 putavit.
891 2068 936 2132 De
959 2067 1129 2133 collectione
1153 2083 1182 2136 et
1198 2073 1291 2158 parti·

171 2195 253 2257 tione
281 2192 467 2256 Psalmorum
503 2193 595 2256 multa
630 2207 715 2270 sunt,
751 2215 826 2280 quae
860 2198 891 2258 in
920 2193 1160 2281 disceptationem
1190 2199 1291 2260 vocari

171 2319 299 2406 possint.
340 2317 448 2382 Totius
484 2321 526 2381 rei
555 2317 754 2405 expediendae
786 2322 863 2383 ratio
893 2319 1107 2405 simplicissima
1134 2319 1207 2382 haee
1236 2332 1289 2384 est.

173 2441 273 2525 Quum
301 2440 340 2505 ad
366 2441 454 2506 finem
482 2441 592 2506 Psalmi
614 2443 725 2507 LXXII
747 2442 873 2507 addatur
898 2443 971 2506 haee
999 2441 1190 2530 significatio:
1224 2417 1290 2547 ill?

171 2559 294 2672 anf-pa
309 2573 373 2670 up
395 2541 535 2658 mihin,
561 2568 889 2654 »explanationum
904 2565 1027 2632 oanan
1050 2551 1103 2630 nn
1117 2568 1219 2645 toa«
1242 2591 1291 2633 a·

170 2696 247 2758 tioni
270 2662 507 2757 consentaneum
522 2705 567 2756 est
589 2693 705 2757 credere
729 2696 961 2779 antiquissimam
985 2693 1092 2756 horum
1109 2696 1291 2758 cantieorum

172 2819 308 2906 syllogen
323 2838 385 2882 non
400 2818 526 2905 amplius
541 2821 730 2905 processisse.
759 2816 881 2894 Deinde,
899 2839 991 2904 quum
1006 2829 1078 2882 nota
1093 2817 1290 2884 distinctionis

171 2947 337 3031 reperiatur
350 2955 421 3030 post
435 2943 584 3007 Psalmum
598 2941 676 3020 XLI,
701 2963 793 3030 quum
816 2945 930 3031 primus
953 2942 1001 3006 ille
1015 2942 1202 3008 Psalmorum
1217 2943 1292 3008 liber

173 3069 234 3134 duo
249 3071 398 3134 contineat
413 3071 550 3144 earmina,
574 3066 716 3132 decimum
733 3079 872 3154 quartum
887 3081 917 3132 et
931 3067 1197 3155 quadragesimum,
1215 3089 1291 3156 quae

173 3194 220 3258 vel
247 3197 278 3256 in
306 3205 371 3257 toto
395 3193 441 3256 vel
470 3195 577 3279 partim
606 3196 637 3256 in
664 3191 794 3256 secundo
817 3191 894 3256 libro
917 3205 1094 3280 repetuntur
1120 3231 1156 3242 —
1183 3194 1293 3259 scilieet

172 3317 296 3383 Psalmis
318 3315 382 3382 Llll
403 3317 549 3393 etLXX,
570 3329 736 3380 —eertum
760 3328 805 3380 est
827 3317 966 3380 volumen
989 3321 1149 3382 carminum
1172 3330 1292 3405 septua-

171 3445 255 3531 ginta
282 3441 410 3507 duorum
440 3464 477 3507 ex
502 3439 623 3538 duabus
652 3454 681 3505 et
704 3439 828 3504 diversis
852 3440 1074 3505 collectionibus
1097 3440 1188 3506 fuisse
1213 3464 1292 3508 com·

172 3579 301 3655 paetum.
336 3567 402 3632 lam
425 3589 496 3632 vero
520 3567 610 3632 altera
633 3566 792 3630 voluminis
815 3586 885 3651 pars
909 3588 960 3630 eos
984 3565 1188 3652 complectitur
1207 3566 1292 3632 Psal-

172 3715 238 3758 mos
261 3696 313 3780 qui
337 3692 374 3756 ad
389 3691 512 3757 Davidis
536 3693 690 3756 historiam
713 3713 801 3778 quam
823 3694 958 3778 proxime
974 3704 1109 3778 spectant
1127 3727 1163 3739 -
1183 3691 1292 3758 scilicet

173 3841 191 3882 a
212 3816 330 3894 Psalmo
352 3817 390 3881 Ll
412 3816 450 3880 ad
472 3817 623 3881 Psalmum
645 3815 764 3881 LXXll.
804 3816 903 3881 Prima
925 3815 998 3881 facie
1020 3819 1112 3904 igitur
1134 3816 1290 3894 concludo,

172 3944 229 4007 hos
244 3942 379 4007 Psalmos
395 3941 432 4006 ab
449 3963 483 4006 eo
501 3941 638 4006 collectos
654 3940 754 4019 fuisse,
779 3945 831 4028 qui
848 3945 944 4030 primo
959 3940 1069 4007 librum
1084 3940 1290 4018 Jasharanum,

173 4066 278 4131 deinde
301 4068 456 4132 historiam
478 4067 650 4132 Davidicam
674 4066 775 4132 edidit.
812 4065 952 4133 Continet
974 4070 1050 4130 enim
1074 4089 1125 4131 eos
1144 4066 1289 4143 Psalmos,

173 4214 250 4280 quos
278 4191 356 4256 libro
379 4192 544 4257 Jasharano
573 4192 742 4257 referendos
768 4213 888 4267 censeo,
919 4212 996 4278 quos
1018 4204 1116 4255 autem
1139 4188 1213 4255 liber
1236 4190 1292 4255 Sa·

172 4317 314 4382 muelieus
337 4340 399 4383 non
423 4321 565 4405 agnoscit.
600 4317 654 4382 His
677 4317 815 4404 praefixit
837 4329 942 4381 auctor
963 4316 1011 4380 illc
1034 4314 1133 4379 decem
1156 4315 1291 4380 Psahnos

173 4442 212 4509 ad
227 4443 399 4511 Solomonis
422 4456 556 4536 tempora
578 4445 767 4532 pertinentes,
793 4461 870 4535 quos
890 4441 938 4508 vel
959 4443 1023 4532 ipse
1038 4441 1085 4508 vel
1108 4441 1167 4521 alii,
1191 4443 1293 4508 coaevi
