3152 5160
828 361 902 437 122

307 590 336 641 et
357 576 413 642 Dei
435 575 551 640 decreta
573 571 765 662 antiquando
778 575 941 650 censuissc3
967 571 1099 637 Esarenu
1121 593 1203 650 vero,
1227 587 1352 661 proptor
1374 573 1424 638 de-

306 701 414 766 sectum
443 699 500 766 eibi
529 700 607 764 illius
634 697 736 775 ferini,
767 719 827 786 quo
856 709 970 784 patrem
998 696 1056 762 sibi
1085 696 1272 774 devinxerat,
1298 699 1371 784 jura
1396 711 1425 764 et

306 827 437 893 bonores
465 837 655 913 posterorum
684 843 808 888 suorum
837 835 945 887 umere
968 819 1123 908 abjecisse,
1153 835 1258 911 atquo,
1287 835 1323 887 ut
1346 821 1425 887 dona

305 952 469 1040 praesentis
491 951 583 1016 borae
607 962 752 1037 carperet,
783 947 871 1014 fidam
892 947 987 1025 illam,
1016 968 1092 1035 quae
1115 961 1280 1013 astrorum
1303 969 1425 1036 speran-

307 1078 410 1142 darum
434 1075 614 1153 substantia,
638 1096 737 1140 rerum
758 1073 893 1139 nondum
911 1076 1117 1160 apparentium
1132 1071 1337 1162 comprobatio
1355 1068 1423 1160 (Ep.

307 1202 344 1268 ad
358 1201 449 1266 Hebr.
466 1200 522 1278 Xl,
542 1195 589 1282 l),
619 1221 745 1288 prorsus
773 1201 919 1287 sprevisse
948 1211 977 1264 et
1006 1201 1234 1286 contempsisse:
1267 1198 1325 1263 luit
1347 1201 1425 1263 enim

306 1324 425 1412 πόρνος
447 1328 501 1388 καὶ
521 1323 658 1410 βέβηλος
679 1328 698 1388 i.
716 1346 741 1388 c.
761 1323 946 1389 idololatriac
968 1325 1142 1388 scortationi
1160 1322 1277 1388 deditus
1294 1337 1324 1388 et
1338 1345 1426 1388 verae

307 1453 468 1541 relligionis
497 1453 667 1537 impatiens,
698 1445 735 1524 ὃς
757 1445 828 1513 ἀντὶ
850 1446 998 1534 βρώσεως
1019 1450 1110 1532 μιᾶς,
1139 1451 1160 1512 i.
1179 1469 1204 1512 e.
1228 1460 1263 1513 ut
1285 1448 1342 1513 bac
1364 1451 1427 1513 vita

307 1578 467 1652 frueretur,
498 1570 640 1638 ἀπέδοτο
668 1568 709 1637 eol
739 1571 939 1657 πρωτοτόκια
967 1569 1099 1649 ἑαυτοῦ,
1117 1576 1151 1637 ⁴i.
1175 1595 1199 1638 e.
1224 1573 1425 1639 conditionem

305 1701 464 1790 probitatis
487 1698 686 1765 restituendae
709 1697 816 1785 abjecit
839 1693 912 1785 (Ep.
929 1697 968 1763 ad
982 1696 1073 1762 Hebr.
1088 1697 1158 1775 Xll,
1177 1693 1248 1780 16).

395 1826 521 1891 Diversa
543 1827 620 1889 vitae
642 1828 729 1901 ratio,
754 1845 843 1911 quam
865 1825 1057 1912 gemellorum
1078 1822 1202 1888 fratruum
1223 1836 1348 1911 uterque
1364 1846 1424 1888 am·

306 1952 459 2040 plectitur,
491 1973 553 2015 non
582 1953 646 2014 sine
672 1962 822 2014 momento
852 1962 897 2015 est
918 1953 949 2014 in
971 1948 1122 2037 relligiosa
1142 1949 1234 2036 hujus
1255 1949 1424 2037 Fragmenti

307 2079 500 2142 enarratione.
544 2073 652 2140 Voluit
677 2073 876 2161 proculdubio
901 2073 1064 2161 significare
1087 2077 1128 2151 is,
1158 2076 1210 2161 qui
1232 2073 1424 2140 Jasharanam

234 2289 237 2296 Ι
308 2201 510 2288 anthologiam
526 2200 710 2288 compilavit,
734 2220 831 2287 nequa
847 2198 1000 2288 agricolas,
1024 2211 1060 2264 ut
1076 2197 1217 2282 Quinum,
1234 2219 1331 2286 neque
1346 2219 1424 2264 erra-

306 2316 426 2391 bundos
450 2338 479 2391 et
496 2328 645 2391 venaticos
669 2325 813 2401 homines,
837 2338 873 2390 ut
886 2324 1040 2390 Ismaelum
1058 2337 1087 2390 ot
1100 2323 1247 2401 llsavum,
1269 2336 1425 2412 tantopere

307 2451 544 2518 accommodatos
574 2472 637 2516 osse
666 2463 755 2536 atque
782 2449 924 2527 idoneos,
955 2449 993 2514 ad
1022 2452 1161 2536 pietatem
1189 2461 1219 2515 et
1245 2448 1425 2537 probitatem

308 2572 418 2682 (Ἶψξ)
440 2576 611 2653 tutandam,
636 2596 726 2663 quam
749 2577 832 2640 mites
856 2575 922 2640 illos
947 2588 976 2641 et
997 2577 1172 2663 pastoritios
1186 2573 1337 2653 nomades,
1362 2578 1423 2663 qui,

307 2707 384 2768 sicut
404 2700 535 2767 Habalus
559 2699 755 2777 stlembus,
785 2703 863 2765 inter
889 2721 994 2788 greges
1018 2722 1090 2765 suos
1112 2699 1270 2766 revelatam
1292 2700 1348 2766 Dei
1370 2723 1426 2767 vo·

306 2829 448 2893 luntatem
475 2823 702 2892 meditabantur.
748 2825 822 2890 Rem
852 2826 894 2889 ita
923 2845 954 2889 se
983 2822 1123 2890 habuisse
1152 2828 1348 2891 certissimum
1369 2839 1424 2892 est.

306 2949 409 3038 Neque
431 2953 507 3016 onim
528 2954 606 3016 inter
629 2950 775 3016 excultam
790 2950 923 3038 Aegypti
945 2950 1190 3038 magnificentiam
1205 2963 1236 3016 et
1249 2949 1424 3029 docuinam,

306 3076 359 3141 ubi
382 3097 483 3140 omnes
506 3076 618 3141 incolae
641 3099 659 3140 a
680 3075 853 3163 pastoribus
877 3072 1079 3140 abhorrebant
1100 3070 1192 3158 (Gen.
1213 3074 1326 3153 XLVI,
1347 3071 1423 3159 fin),

306 3223 401 3288 oeque
423 3214 583 3290 postquam
607 3201 763 3289 opulentas
777 3200 961 3265 Palaestinae
985 3201 1116 3265 civitates
1132 3203 1163 3264 ri
1186 3214 1215 3266 et
1231 3203 1321 3266 armis
1336 3222 1425 3268 oecu-

305 3339 462 3416 paverant‚
493 3325 546 3390 sed
573 3328 605 3389 in
634 3324 751 3391 deserto
780 3323 909 3390 Arabiae
937 3345 1004 3390 cum
1033 3327 1171 3390 armentis
1200 3328 1263 3391 suis
1291 3326 1424 3414 palantes

305 3451 456 3518 Hebraeos
484 3451 586 3516 Moses
619 3449 685 3515 illas
720 3450 863 3515 divinitus
891 3450 966 3515 latas
995 3451 1075 3538 leges
1103 3450 1271 3518 edocendos
1299 3455 1424 3518 curavit.

304 3577 443 3644 Pastores
466 3579 558 3664 igitur
581 3576 705 3663 simplici
727 3579 809 3641 victu
830 3587 947 3640 utentes
970 3574 1138 3642 rudimenta
1159 3579 1237 3642 vitae
1260 3589 1350 3664 atque
1371 3577 1425 3644 oli·

304 3714 403 3767 menta
430 3703 542 3766 animae
564 3699 703 3766 famelicis
725 3704 820 3768 totius
844 3700 926 3766 orbis
948 3699 1087 3789 gentibus
1111 3699 1355 3789 suppeditabant,
1383 3716 1423 3780 et,

304 3829 336 3892 iu
363 3825 512 3913 relligiosa
539 3825 589 3890 illa
616 3826 797 3892 haereditate
825 3825 983 3903 cernenda,
1013 3825 1200 3893 doctissimos
1230 3847 1367 3914 quosque
1395 3841 1425 3893 ot

303 3953 527 4038 potentissimos
553 3963 584 4017 et
604 3951 696 4038 hujus
718 3954 796 4016 ritae
820 3949 1039 4017 oblectamentis
1062 3950 1270 4018 relemiseimos
1292 3951 1424 4041 populos

304 4076 582 4166 supplantaverunt.

391 4202 435 4268 At
457 4203 534 4268 enim
548 4221 630 4279 raro,
654 4221 691 4266 ue
714 4202 782 4288 quis
804 4199 879 4266 illud
902 4199 1018 4268 divinae
1040 4199 1304 4291 προσωοιολρψίρ
1324 4201 1422 4281 duent,

305 4327 388 4416 quod
402 4327 483 4393 Deus
507 4329 639 4415 optimus
661 4329 809 4392 maximus
832 4326 932 4394 dicens
951 4326 1116 4394 murnum:
1141 4325 1308 4394 »lacobum
1322 4326 1422 4407 dilexi,

228 4517 233 4528 ,
303 4450 434 4518 Esamm
462 4465 560 4520 auum
584 4451 654 4520 odio
677 4451 790 4520 moui«
819 4447 965 4536 (blalaeb.
984 4453 1013 4531 l,
1035 4450 1067 4520 3.
1102 4449 1422 4536 aa.Ron.1x,13)‚
