3164 5176
828 368 905 442 278

305 589 336 648 in
364 605 465 670 pugna
494 583 557 660 illa,
591 603 666 668 quae
695 585 775 646 inter
799 578 970 665 Baraquum
1000 592 1029 643 et
1052 577 1165 651 Sisram
1194 562 1351 644 commissa
1372 594 1430 659 est,

306 709 471 772 densissimi
493 705 602 771 imbres
625 707 766 770 resolutis
793 702 924 768 nubibus
954 703 1103 781 caderent,
1134 703 1214 770 unde
1238 704 1353 787 Quisho
1381 705 1432 769 ille

305 838 437 920 riparum
460 855 584 920 suarum·
603 833 766 918 marginem
789 827 945 905 desereret,
970 843 1000 893 et
1021 831 1051 892 in
1070 841 1188 916 apertos
1213 852 1333 916 campos
1356 852 1432 917 pro·

305 958 390 1022 susus
414 969 500 1022 esset.
549 955 638 1039 Quod
666 958 757 1042 igitur
779 953 931 1018 Pharaoni
960 957 991 1017 in
1019 957 1094 1018 mari
1115 953 1282 1040 Erythraeo
1312 953 1429 1032 accidit,

306 1083 382 1149 idem
412 1081 472 1146 sere
503 1081 602 1147 Sisrae
632 1080 768 1145 curribus
803 1077 1011 1165 impedimento
1047 1078 1138 1142 luisse
1172 1078 1339 1164 putandum
1373 1092 1429 1146 est.

305 1209 402 1296 Aquis
431 1210 507 1272 enim
537 1204 756 1272 incurrentibus
784 1207 903 1268 nonnisi
938 1203 1099 1268 admodum
1134 1201 1291 1270 difficulter
1323 1204 1432 1291 pedem

304 1345 444 1421 poterant
465 1353 651 1418 promovere.
687 1330 837 1417 Josephus
853 1331 884 1393 in
900 1328 1127 1415 Archaeolopio
1148 1349 1203 1394 sua
1217 1329 1289 1394 alias
1312 1343 1433 1396 enarrat

307 1479 425 1535 causas,
457 1469 641 1545 quapropter
663 1457 788 1520 victoria
810 1453 941 1541 Baraqui
969 1454 1084 1518 facilius
1114 1453 1270 1518 conciliata
1292 1457 1341 1519 sit.
1387 1457 1432 1521 lta

306 1586 382 1649 enim
412 1581 552 1647 describit
580 1603 721 1669 pugnam.
768 1579 932 1667 »Magna«,
956 1582 1068 1667 inquit,
1100 1591 1277 1666 »tempestas
1305 1583 1430 1668 ingruit,

305 1731 372 1773 cum
394 1708 477 1796 largo
501 1705 594 1772 imbre
618 1718 647 1770 et
665 1704 817 1793 grandine.
863 1704 1041 1792 Ventusque
1063 1673 1096 1767 in
1117 1702 1259 1770 adversos
1284 1702 1434 1770 Canaani-

304 1848 403 1899 tarum
424 1833 526 1897 vultus
549 1832 681 1919 pluviam
706 1834 781 1918 egit,
811 1851 887 1917 quae
918 1830 1012 1894 oeulis
1040 1851 1145 1894 eorum
1173 1829 1325 1918 caliginem
1353 1829 1432 1918 obji-

306 1971 397 2034 ceret,
426 1961 468 2021 ita
495 1969 531 2020 ut
553 1957 653 2042 jacula
682 1969 711 2020 et
739 1954 847 2020 fundae
878 1954 934 2018 illis
964 1955 1037 2020 nulli
1066 1967 1164 2020 essent
1191 1958 1270 2020 usui.
1323 1953 1432 2022 Gravis

305 2087 392 2148 etiam
415 2095 579 2146 armaturae
602 2081 723 2157 milites,
747 2101 818 2167 prae
842 2093 975 2166 torpore,
999 2079 1105 2167 gladiis
1128 2083 1173 2144 uti
1196 2102 1258 2145 non
1280 2093 1431 2167 poterant.

253 2211 255 2216 ’
303 2208 449 2274 Israelitas
472 2229 543 2271 vero
567 2219 742 2293 tempestas,
766 2219 802 2270 ut
825 2227 900 2294 quae
923 2219 1006 2294 terga
1029 2227 1131 2272 eorum
1154 2204 1371 2283 diverberaret,
1402 2221 1432 2272 et

304 2336 401 2398 minus
426 2330 608 2410 offendebat,
633 2345 662 2396 et
684 2329 752 2396 inde
775 2333 902 2417 majores
926 2334 1040 2396 animos
1065 2329 1235 2409 sumebant,
1264 2335 1430 2419 cogitantes

303 2459 400 2524 Deum
424 2458 480 2522 sibi
496 2461 528 2522 in
543 2458 686 2522 auxilium
701 2460 833 2534 venisse3
857 2455 931 2520 adeo
950 2468 993 2533 ut,
1018 2461 1050 2520 in
1064 2455 1178 2522 medios
1193 2458 1295 2522 hostes
1311 2460 1430 2524 irruen-

304 2597 358 2662 tes,
382 2588 530 2672 ingentem
554 2605 656 2647 eorum
681 2595 808 2669 stragem
832 2580 977 2647 ederent«
1011 2582 1051 2646 Et
1071 2582 1221 2670 losephus
1245 2583 1366 2670 quidem
1389 2587 1431 2648 ita

303 2707 345 2792 [v.
363 2707 393 2786 5,
418 2703 528 2792 §4¹)].
573 2707 636 2772 ‚Sed
666 2731 681 2771 e
711 2711 837 2772 carmine
866 2709 933 2793 ipso
963 2705 1047 2772 facile
1075 2707 1220 2795 colligatis
1244 2707 1430 2774 subitaneam

302 2835 464 2900 fluviorum
494 2833 630 2897 alluviem
659 2833 792 2896 hostium
822 2834 922 2918 copias
952 2830 1128 2898 devolvisse.
1174 2833 1325 2922 Proelium
1352 2837 1430 2900 enim

303 2962 492 3024 commissum
516 2969 561 3022 est
590 2960 641 3020 »in
665 2955 853 3022 Tobonocbo
882 2979 973 3044 super
1000 2977 1093 3044 aquas
1115 2957 1341 3045 Megiddonis«,
1364 2962 1386 3024 i.
1402 2982 1428 3025 e.

302 3087 379 3147 inter
406 3081 467 3147 duo
496 3082 617 3147 brachia
642 3081 804 3165 Quishonis
834 3082 928 3146 fluvii.
974 3080 1050 3147 Nam
1075 3080 1190 3165 Quisho
1219 3083 1268 3148 ille
1296 3086 1327 3148 in
1349 3083 1430 3150 radi·

303 3207 386 3272 cibus
410 3211 520 3273 montis
542 3205 671 3273 Taboris
696 3219 794 3271 ortum
817 3206 916 3284 habet,
942 3207 1047 3273 deinde
1071 3229 1142 3272 vero
1167 3208 1320 3295 complura
1341 3212 1374 3274 in
1396 3231 1430 3275 se

301 3333 423 3398 brachia
448 3334 604 3422 colligens,
634 3354 695 3397 uno
725 3333 809 3398 alveo
840 3332 878 3396 ad
901 3331 1125 3420 Septentriones
1148 3355 1253 3400 versus
1286 3333 1427 3413 defertur,

302 3471 332 3524 et
354 3462 428 3524 mari
451 3482 482 3523 se
504 3457 722 3524 Mediterraneo
747 3459 898 3523 immiscet.
906 3450 929 3540 ')
976 3456 1075 3539 Quum
1104 3461 1194 3545 igitur
1215 3459 1373 3547 Baraquus
1396 3463 1429 3526 in

382 3685 401 3752 ¹)
426 3687 625 3758 προσμιγέντων
649 3683 734 3739 αὐτῶν
751 3687 856 3760 χείμων
878 3686 1022 3757 ἐπιγίνεται
1039 3687 1125 3760 μέγας
1142 3685 1188 3742 καί
1205 3685 1278 3764 iidop
1296 3683 1362 3742 τιολὺ
1380 3688 1429 3744 καί

297 3782 414 3855 χάλαζα.
439 3783 525 3836 τόντε
543 3781 617 3836 ὑετὸν
635 3778 701 3836 κατὰ
717 3783 860 3857 πρόσωπον
877 3782 973 3850 ἤλαυνε
990 3785 1042 3838 τῶν
1059 3789 1227 3839 Χαναναίων
1244 3785 1350 3858 ἄνεμος,
1371 3792 1430 3848 ταῖς

301 3880 395 3950 ὄψεσιν
414 3878 498 3933 αὐτῶν
523 3881 676 3944 ἐπισκοτῶν,
699 3880 734 3940 ὥς
757 3875 802 3940 τοὶς
824 3884 923 3944 τοξείας
946 3881 1089 3956 ἀχρήστους
1111 3883 1199 3942 αὐτοῖς
1221 3885 1292 3938 εἶναι
1313 3884 1360 3939 καί
1382 3883 1429 3945 τὰς

301 3978 456 4049 σφενδόνας.
490 3979 520 4032 ot
538 3995 563 4031 rs
586 3973 758 4032 initamini
782 3975 810 4031 cd
835 3978 917 4056 κρύος
933 3979 1055 4052 χρῆσθαι
1076 3984 1129 4040 τοίς
1153 3985 1258 4052 ξίφεσιν
1275 3981 1322 4036 obe
1345 3983 1428 4054 τλχον.

299 4071 357 4136 τούς
374 4075 403 4130 d’
420 4073 578 4146 Ἰσραηλίτας
595 4067 669 4142 ἧττόν
685 4095 712 4130 τε
730 4078 837 4146 ἔβλαπτε
854 4076 964 4132 κατίαιν
980 4077 1124 4150 γινόμενος
1142 4076 1278 4152 ὃχείμοιν,
1297 4079 1343 4158 καί
1360 4077 1428 4156 apte

299 4171 345 4240 τὴν
367 4174 474 4228 ἔννοιαν
496 4173 539 4240 τῆς
561 4177 687 4243 βοηθείας
707 4175 752 4228 τοῦ
777 4175 846 4229 Osci
871 4175 972 4244 θάρσος
996 4175 1159 4246 ἐλάμβανον·
1184 4175 1248 4233 ὥστε
1271 4181 1308 4238 τίς
1329 4181 1427 4250 μέσσας

300 4269 433 4343 ᾠσιίμενοι
450 4267 508 4331 τούς
524 4273 673 4344 πολεμίους,
691 4269 801 4332 πολλοῦς
818 4271 903 4326 αὐτῶν
920 4274 1084 4330 σίιιὲκττιναν.

374 4367 395 4438 ’λ
419 4367 455 4424 Ut
474 4369 621 4424 Brocardns
645 4371 691 4424 eit:
714 4369 833 4436 ·Quisbo
858 4367 956 4442 colligit
979 4369 1066 4442 plnres
1090 4388 1184 4443 eques,
1215 4373 1275 4443 qnia
1298 4387 1313 4428 ι
1336 4379 1426 4428 monte

300 4463 422 4534 Ephraim
442 4467 580 4526 etaloris
599 4468 726 4524 Senones
744 4469 972 4541 propinquioribus
991 4477 1068 4541 acque
1087 4487 1101 4526 ι
1118 4477 1175 4526 toto
1195 4487 1282 4542 canpe
1294 4470 1428 4530 Esdeelon
