3172 5186
521 1064 829 1168 EXCURSUS
864 1067 917 1164 V.

186 1511 357 1600 Quonam
379 1512 570 1581 renuent
598 1513 792 1582 ottonum
819 1512 1076 1582 uouennuum
1104 1513 1160 1580 nx
1186 1514 1254 1580 Ara

185 1625 359 1705 tuocum
381 1637 616 1708 annuerent
638 1639 679 1704 uu
701 1637 924 1708 eustanum
953 1639 1254 1707 ruaenuurenm

593 1763 846 1831 transmaro.

643 1885 692 1977 ln·
702 1886 789 1971 142.)

161 2025 276 2134 Prima
295 2067 327 2130 in
342 2079 439 2132 vetera
455 2066 646 2132 Testamento
662 2078 693 2132 et
707 2065 817 2154 duplex
838 2067 887 2133 illa
903 2066 1020 2154 quidem
1035 2066 1149 2134 Noachi
1165 2073 1276 2135 mentio

162 2190 242 2278 apud
265 2211 318 2256 eos
338 2190 502 2279 prophetas
523 2194 682 2267 invenitor,
699 2195 750 2278 qui
773 2203 844 2278 post
861 2193 956 2258 exsilii
971 2191 1145 2280 Babylonici
1160 2198 1275 2261 initium

162 2318 299 2382 vaticinia
321 2337 376 2380 sua
398 2316 502 2381 litteria
526 2314 714 2392 mandabant,
731 2315 895 2381 Ezelrielem
919 2317 985 2382 dico
1009 2331 1039 2382 et
1060 2339 1136 2394 eum,
1160 2321 1212 2406 qui
1226 2318 1276 2384 Je-
1400 2385 1404 2397 ,

162 2443 240 2506 caiae
256 2461 332 2528 opus
348 2440 553 2527 supplemento
570 2443 762 2506 continuavit.
787 2441 832 2505 Ac
852 2441 889 2505 de
903 2439 1037 2506 daehielc
1059 2441 1187 2508 traditur
1209 2463 1276 2507 cnm

162 2567 294 2652 coepisse
317 2567 421 2652 quinto
445 2577 516 2651 post
539 2566 774 2652 deportationem
802 2587 879 2630 anno
903 2567 1063 2639 vaticinari,
1088 2567 1176 2630 etad
1199 2571 1276 2632 vice-

162 2693 267 2756 timum
291 2692 446 2776 septimum
470 2711 589 2765 annum,
606 2693 630 2754 ai
654 2713 715 2755 non
731 2689 854 2766 diutius,
870 2689 1033 2776 prophetae
1056 2711 1163 2755 munus
1186 2694 1276 2756 susti·

162 2818 262 2880 nulsoe
284 2811 365 2901 (cap.
378 2813 494 2889 XXIX,
510 2810 574 2892 17).
599 2813 673 2898 Quis
696 2814 787 2879 luerit
808 2813 940 2878 sublimis
963 2814 1011 2878 ille
1033 2826 1129 2888 vates,
1154 2818 1204 2900 qui
1226 2815 1275 2880 le-

163 2941 252 3005 ariam
268 2941 461 3015 continuarit,
477 2960 578 3004 omnes
593 2942 743 3014 nesciunta
759 2960 825 3002 nam
841 2941 1009 3002 temerarias
1020 2937 1159 3002 Bunsenii
1176 2940 1276 3004 hario-

163 3063 296 3140 lationea‚
318 3063 486 3128 Buruchum
509 3062 696 3149 proferentis,
720 3061 853 3150 equidem
876 3064 949 3128 nihil
967 3085 1084 3140 moror3
1107 3067 1276 3130 certissimis

163 3201 260 3256 antem
281 3191 460 3276 argumentis
480 3188 692 3275 comprobatur
715 3188 899 3275 magnificum
922 3187 996 3252 illud
1019 3188 1187 3276 magnificae
1204 3192 1276 3253 scri·

163 3315 275 3401 ptionie
296 3313 531 3400 supplementum
552 3311 755 3377 alehovicola
770 3311 900 3397 quodam
916 3315 1112 3397 conscriptum
1128 3334 1200 3386 ease,
1224 3317 1275 3400 qui

62 3417 64 3424 l
163 3437 220 3504 aab
235 3437 319 3502 inem
343 3437 437 3502 exsilii
453 3433 626 3522 Babylonici
649 3435 782 3522 theologi
798 3433 895 3501 ollicio
911 3433 1097 3522 fungebatur.
1128 3435 1161 3502 st
1185 3440 1277 3524 igitur

164 3565 345 3649 quaerimus,
369 3581 498 3648 qucum
526 3573 659 3647 tempore
680 3558 831 3625 Noachani
856 3559 958 3623 diluvii
986 3557 1123 3636 traditio,
1147 3583 1184 3626 ex
1206 3562 1275 3624 alle·

162 3688 263 3775 goma,
291 3684 405 3773 qualern
434 3706 496 3750 earn
527 3682 618 3749 luisse
644 3684 788 3760 arbitror,
817 3688 848 3748 in
876 3686 1082 3770 pragmaticam
1111 3685 1274 3763 historiam,

163 3811 279 3898 qualern
300 3809 517 3876 Pentateuohns
544 3808 678 3886 exhibet,
705 3813 830 3880 mansino
856 3809 1003 3894 potuerit,
1031 3808 1274 3874 considerandum

163 3947 210 4001 eat
229 3937 371 4022 primum,
394 3955 465 3998 num
488 3931 604 3998 Ezohiel
634 3944 664 3998 et
686 3933 758 3998 alter
785 3933 833 3998 ille
854 3931 965 3998 lesaias
989 3953 1090 3996 verum
1119 3953 1153 3998 ac
1174 3936 1274 3998 vivum

163 4060 312 4124 hominem
327 4057 373 4122 rel
395 4060 496 4144 potius
517 4057 708 4144 symbolicam
732 4070 820 4144 atque
834 4057 1018 4144 allegoricam
1042 4077 1197 4143 personam
1218 4055 1275 4120 sub

163 4182 276 4250 Noachi
299 4185 416 4248 nomino
438 4181 641 4269 intelligerent.

252 4304 301 4372 Ab
327 4305 461 4372 Euclide
491 4301 590 4389 (xlv,
609 4302 665 4380 14,
684 4302 740 4382 18,
758 4301 820 4386 20)
850 4305 1031 4373 inducuntur
1057 4307 1174 4372 uesviri
1195 4302 1276 4372 Noa*

165 4431 255 4507 ohne.
278 4431 397 4509 Daniel,
421 4443 450 4496 ot
472 4429 575 4506 lobna,
599 4442 737 4517 tanquam
756 4430 890 4515 justitiae
913 4432 1061 4520 exemplo:
1083 4433 1129 4496 asi
1151 4432 1181 4497 in
1203 4451 1276 4519 qua·

993 4586 1028 4642 25
