3172 5186
767 317 978 428 Q

313 527 484 596 fasciculum
507 539 679 615 cooptatum
702 537 788 604 esset,
817 527 980 616 doxologia
1000 528 1117 616 plenior
1139 526 1318 615 colophonis
1340 528 1437 593 instar

313 667 419 720 mutuo
443 665 561 741 sumpta
583 652 781 740 repetebatur.

403 777 557 844 Canticum
580 780 692 865 ipsum,
720 790 755 842 ut
777 777 875 854 vides,
900 778 930 841 in
952 778 1139 864 prooemium
1163 789 1192 841 et
1214 798 1269 841 sex
1291 777 1435 864 strophas

314 902 468 981 distribui,
498 923 606 990 easque
634 925 673 968 ex
699 905 910 968 sententiarum
932 924 1013 966 nexu
1036 905 1112 967 inter
1133 901 1314 990 praefectum
1338 903 1434 980 chori,

314 1029 439 1092 chorum
466 1031 653 1105 universum,
684 1040 714 1092 ct
742 1027 923 1094 homichoria
952 1029 1083 1092 virorum
1111 1025 1361 1115 feminarumque,
1393 1031 1437 1092 ita

314 1151 482 1236 dispertivi,
505 1164 540 1217 ut
561 1151 890 1238 didacticapraefecto,
920 1155 1034 1216 acriora
1056 1165 1085 1217 et
1107 1153 1328 1217 vehementiora
1350 1154 1434 1229 viris,

313 1277 454 1341 hilariora
476 1276 591 1341 seminis
615 1279 810 1364 assignarem
834 1299 902 1343 nam
917 1277 1038 1343 eandem
1058 1278 1150 1366 legem
1165 1279 1196 1340 in
1212 1275 1349 1342 Deborae
1365 1299 1434 1342 ean·

313 1403 373 1466 tieo
397 1400 602 1466 distribuendo
627 1400 794 1467 observavi.

402 1526 468 1592 lam
483 1547 554 1591 vero
578 1525 803 1613 dispositionem
826 1529 969 1614 partium,
994 1529 1204 1592 sententiarum
1221 1547 1342 1604 nexum,
1365 1530 1436 1591 uni-

314 1673 434 1718 versum
462 1653 599 1716 carminis
621 1671 754 1730 sensum,
784 1638 928 1716 rationem
952 1664 1103 1739 artemque
1125 1665 1230 1739 poetae
1254 1653 1436 1738 contemple-

315 1798 390 1854 mur,
415 1789 450 1840 ut
463 1776 615 1841 videamus
639 1790 821 1863 quantopere
845 1777 917 1842 haee
940 1779 1039 1841 omnia
1058 1798 1125 1841 eum
1140 1775 1337 1842 Solomoncae
1353 1776 1436 1841 aedis

316 1901 499 1967 dedicatione
514 1904 699 1967 conveniant.
729 1901 855 1966 Exordii
871 1904 964 1968 instar
979 1896 1041 1984 (vv.
1059 1896 1169 1984 2-4),
1191 1915 1226 1966 ut
1240 1914 1326 1966 autea
1342 1903 1437 1990 signi-

316 2024 414 2102 ficavi,
428 2029 659 2113 praemittuntur
674 2048 708 2091 ea
723 2029 789 2114 ipsa
803 2025 903 2104 verba,
921 2047 997 2113 quae
1011 2026 1112 2092 Moses
1128 2029 1319 2112 pronunciari
1330 2027 1434 2112 jussit,

316 2153 434 2238 quoties
457 2172 524 2216 arca
547 2174 585 2216 ex
607 2173 667 2216 uno
691 2152 757 2216 loco
780 2155 811 2216 in
834 2152 923 2216 alium
946 2165 1059 2217 mutata
1081 2155 1208 2217 statione
1229 2150 1436 2216 transferenda

317 2290 408 2354 esset3
431 2277 480 2341 hic
501 2290 598 2342 autom
614 2299 729 2342 summa
743 2280 773 2341 vi
788 2275 909 2362 subjicit
925 2290 1024 2364 poeta,
1048 2276 1153 2354 Deum,
1176 2279 1228 2363 qui
1242 2277 1345 2341 hostes
1360 2299 1436 2342 suos

317 2404 502 2480 comminuit,
531 2401 645 2489 probos
672 2415 771 2468 tamen
792 2402 937 2467 Israelitas
965 2405 1080 2508 mapnis
1102 2401 1251 2466 beneficiis
1274 2403 1436 2467 cumulare.

314 2525 364 2592 Ex
386 2539 492 2592 natura
519 2530 562 2592 rei
585 2531 729 2592 vincimus
752 2528 811 2592 hoc
832 2529 1019 2615 prooemium
1042 2525 1078 2591 ab
1101 2529 1242 2593 universo
1266 2525 1358 2592 eboro
1384 2526 1438 2591 de-

317 2665 465 2718 cantatum
488 2674 568 2730 esse3
597 2665 642 2716 est
664 2656 740 2718 onim
764 2655 850 2740 quasi
871 2675 967 2739 paean
990 2655 1067 2739 quis,
1095 2673 1156 2740 quo
1179 2653 1326 2718 Israelitae
1348 2673 1436 2739 prae-

316 2799 384 2842 sens
406 2776 461 2841 Dei
489 2777 631 2841 auxilium
660 2781 692 2841 in
719 2779 834 2865 proelio
858 2777 1067 2843 committendo
1095 2776 1314 2863 praedicabant.
1354 2775 1436 2860 Quid

317 2900 400 2988 quod
423 2900 570 2968 Oliverius
594 2899 754 2969 Cromwcll
780 2903 882 2968 eodem
905 2903 964 2968 hoo
986 2901 1110 2968 exordio
1134 2905 1165 2966 iu
1186 2924 1289 2990 pugna
1310 2901 1437 2966 Dunba-

316 3029 405 3090 riensi
432 3035 573 3113 tanquam
601 3027 715 3094 barritu
744 3029 875 3116 quodam
902 3025 1067 3094 utebatur?
1109 3025 1212 3113 Neque
1241 3039 1338 3091 tamen
1359 3026 1437 3090 illud

316 3153 414 3216 minus
442 3152 695 3218 accommodatum
718 3165 763 3218 est
791 3152 829 3218 ad
851 3153 1013 3240 spiritalem
1036 3155 1143 3217 summi
1164 3150 1300 3216 Numinis
1325 3152 1437 3217 adven-

316 3289 380 3340 tum
408 3277 641 3365 significandum.
682 3277 757 3343 Nam
780 3281 901 3372 quoties
920 3281 1124 3344 intaminatum
1149 3276 1265 3342 divinae
1288 3278 1437 3343 illumina-

317 3403 406 3466 tionis
431 3401 522 3487 jubar
545 3403 627 3468 cordi
649 3418 821 3493 regenerato
844 3404 990 3482 illuxerit,
1014 3404 1092 3468 illico
1117 3402 1277 3491 diffugiunt
1297 3402 1436 3468 tenebra·

316 3549 383 3592 rum
416 3539 596 3616 potestates;
634 3531 680 3604 cle
707 3523 770 3614 γὰρ
799 3523 915 3615 μετοχὴ
946 3528 1132 3620 δικαιοσύνῃ
1160 3532 1215 3592 καὶ
1244 3524 1379 3613 ἀνομίᾳ,
1414 3524 1437 3614 ἢ

317 3655 363 3728 τίς
385 3655 539 3720 κοινωνία
560 3655 645 3738 φωτὶ
665 3647 747 3741 πρὸς
769 3649 895 3732 οκόοοςς
924 3650 964 3737 (2
984 3653 1055 3722 Cor.
1073 3655 1128 3733 Vl,
1154 3651 1223 3735 14).
1264 3653 1359 3736 Quem
1381 3652 1436 3717 ab·

317 3794 428 3847 sentem
455 3791 564 3868 putant
592 3780 807 3846 calumniantur
834 3782 934 3868 impii3
963 3779 1016 3844 sed
1043 3780 1165 3844 simulac
1188 3779 1304 3844 divinae
1326 3791 1435 3865 poten-

316 3907 374 3970 tiae
408 3907 493 3993 signe
531 3907 720 3992 agnoverint,
762 3904 862 3970 subito
900 3907 1006 3970 timore
1040 3904 1190 3993 trepidant
1223 3916 1252 3968 et
1283 3903 1436 3968 humiliter

317 4030 501 4118 demisseque
536 4033 676 4097 sentiunt.
729 4030 768 4096 Ut
802 4032 838 4095 de
869 4030 971 4117 Ajacis
1005 4029 1144 4096 hostibus
1177 4029 1313 4116 loquitur
1344 4041 1436 4116 poeta

316 4159 461 4244 tragicus:

658 4295 711 4362 ὅτε
732 4291 795 4382 γοὶρ
819 4293 862 4384 dq'
883 4293 919 4362 cd
944 4291 1004 4361 οόν
1026 4295 1102 4381 ὄμμ’
1125 4289 1273 4381 caudeae

475 4404 676 4504 reccaredum
698 4401 757 4470 rice
777 4403 908 4490 πτηνῶν
929 4400 1060 4484 ἀγέλαι·
