<?xml version="1.0" encoding="UTF-8"?>
<!DOCTYPE html PUBLIC "-//W3C//DTD XHTML 1.0 Transitional//EN"
    "http://www.w3.org/TR/xhtml1/DTD/xhtml1-transitional.dtd">
<html xmlns="http://www.w3.org/1999/xhtml" xml:lang="en" lang="en">
 <head>
  <title>
</title>
<meta http-equiv="Content-Type" content="text/html;charset=utf-8" />
  <meta name='ocr-system' content='tesseract 3.04.00' />
  <meta name='ocr-capabilities' content='ocr_page ocr_carea ocr_par ocr_line ocrx_word'/>
</head>
<body>
  <div class='ocr_page' id='page_1' title='image "./jasharfragmenta00donagoog_0208.png"; bbox 0 0 3160 5170; ppageno 0'>
   <div class='ocr_carea' id='block_1_1' title="bbox 614 389 822 500">
    <p class='ocr_par' dir='ltr' id='par_1_1' title="bbox 614 389 822 500">
     <span class='ocr_line' id='line_1_1' title="bbox 614 389 822 500; baseline 0 -40"><span class='ocrx_word' id='word_1_1' title='bbox 614 389 822 500; x_wconf 56' lang='lat' dir='ltr'>...ffl-</span> 
     </span>
    </p>
   </div>
   <div class='ocr_carea' id='block_1_2' title="bbox 150 599 1283 4072">
    <p class='ocr_par' dir='ltr' id='par_1_2' title="bbox 150 599 1283 4072">
     <span class='ocr_line' id='line_1_2' title="bbox 160 599 1283 688; baseline 0.004 -24"><span class='ocrx_word' id='word_1_2' title='bbox 160 601 290 664; x_wconf 86' lang='lat' dir='ltr'><strong>sensuali</strong></span> <span class='ocrx_word' id='word_1_3' title='bbox 313 599 460 688; x_wconf 88' lang='lat' dir='ltr'><strong>voluptati</strong></span> <span class='ocrx_word' id='word_1_4' title='bbox 492 599 681 676; x_wconf 87' lang='lat' dir='ltr'><strong>incumbunt,</strong></span> <span class='ocrx_word' id='word_1_5' title='bbox 714 602 765 688; x_wconf 91' lang='lat' dir='ltr'><strong>qui</strong></span> <span class='ocrx_word' id='word_1_6' title='bbox 794 601 876 664; x_wconf 91' lang='lat' dir='ltr'><strong>nulla</strong></span> <span class='ocrx_word' id='word_1_7' title='bbox 903 601 989 665; x_wconf 90' lang='lat' dir='ltr'><strong>alieni</strong></span> <span class='ocrx_word' id='word_1_8' title='bbox 1013 601 1159 668; x_wconf 90' lang='lat' dir='ltr'><strong>commodi</strong></span> <span class='ocrx_word' id='word_1_9' title='bbox 1181 603 1283 669; x_wconf 89' lang='lat' dir='ltr'><strong>habita</strong></span> 
     </span>
     <span class='ocr_line' id='line_1_3' title="bbox 159 723 1281 813; baseline 0.003 -22"><span class='ocrx_word' id='word_1_10' title='bbox 159 729 274 791; x_wconf 87' lang='lat' dir='ltr'><strong>ratione</strong></span> <span class='ocrx_word' id='word_1_11' title='bbox 303 725 420 790; x_wconf 90' lang='lat' dir='ltr'><strong>sibimet</strong></span> <span class='ocrx_word' id='word_1_12' title='bbox 442 729 515 813; x_wconf 92' lang='lat' dir='ltr'><strong>ipsis</strong></span> <span class='ocrx_word' id='word_1_13' title='bbox 539 723 698 813; x_wconf 83' lang='lat' dir='ltr'><strong>gratificari</strong></span> <span class='ocrx_word' id='word_1_14' title='bbox 722 724 858 804; x_wconf 87' lang='lat' dir='ltr'><strong>student,</strong></span> <span class='ocrx_word' id='word_1_15' title='bbox 888 731 1060 813; x_wconf 88' lang='lat' dir='ltr'><strong>praesertim</strong></span> <span class='ocrx_word' id='word_1_16' title='bbox 1083 731 1113 792; x_wconf 91' lang='lat' dir='ltr'><strong>in</strong></span> <span class='ocrx_word' id='word_1_17' title='bbox 1134 732 1170 792; x_wconf 90' lang='lat' dir='ltr'><strong>iis</strong></span> <span class='ocrx_word' id='word_1_18' title='bbox 1191 728 1281 794; x_wconf 89' lang='lat' dir='ltr'><strong>rebus</strong></span> 
     </span>
     <span class='ocr_line' id='line_1_4' title="bbox 159 819 1282 940; baseline 0.004 -26"><span class='ocrx_word' id='word_1_19' title='bbox 159 872 235 940; x_wconf 88' lang='lat' dir='ltr'><strong>quac</strong></span> <span class='ocrx_word' id='word_1_20' title='bbox 258 872 385 915; x_wconf 88' lang='lat' dir='ltr'><strong>scxumn</strong></span> <span class='ocrx_word' id='word_1_21' title='bbox 408 853 613 930; x_wconf 76' lang='lat' dir='ltr'><strong>commercium</strong></span> <span class='ocrx_word' id='word_1_22' title='bbox 638 819 825 926; x_wconf 83' lang='lat' dir='ltr'><strong>comitantur.</strong></span> <span class='ocrx_word' id='word_1_23' title='bbox 862 849 952 935; x_wconf 80' lang='lat' dir='ltr'><strong>Quod</strong></span> <span class='ocrx_word' id='word_1_24' title='bbox 976 854 1001 914; x_wconf 91' lang='lat' dir='ltr'><strong>si</strong></span> <span class='ocrx_word' id='word_1_25' title='bbox 1025 851 1133 937; x_wconf 88' lang='lat' dir='ltr'><strong>quibus</strong></span> <span class='ocrx_word' id='word_1_26' title='bbox 1154 852 1282 940; x_wconf 79' lang='lat' dir='ltr'>placebit</span> 
     </span>
     <span class='ocr_line' id='line_1_5' title="bbox 158 974 1281 1065; baseline 0.001 -24"><span class='ocrx_word' id='word_1_27' title='bbox 158 977 231 1041; x_wconf 91' lang='lat' dir='ltr'><strong>haec</strong></span> <span class='ocrx_word' id='word_1_28' title='bbox 259 979 316 1041; x_wconf 86' lang='lat' dir='ltr'><strong>tria</strong></span> <span class='ocrx_word' id='word_1_29' title='bbox 346 975 449 1062; x_wconf 88' lang='lat' dir='ltr'><strong>culpae</strong></span> <span class='ocrx_word' id='word_1_30' title='bbox 477 997 584 1062; x_wconf 81' lang='lat' dir='ltr'><strong>genera</strong></span> <span class='ocrx_word' id='word_1_31' title='bbox 611 974 783 1040; x_wconf 89' lang='lat' dir='ltr'><strong>nominibus</strong></span> <span class='ocrx_word' id='word_1_32' title='bbox 807 974 985 1062; x_wconf 88' lang='lat' dir='ltr'><strong>quibusdam</strong></span> <span class='ocrx_word' id='word_1_33' title='bbox 1009 989 1038 1040; x_wconf 89' lang='lat' dir='ltr'><strong>et</strong></span> <span class='ocrx_word' id='word_1_34' title='bbox 1058 981 1281 1065; x_wconf 88' lang='lat' dir='ltr'><strong>prosopopoeia</strong></span> 
     </span>
     <span class='ocr_line' id='line_1_6' title="bbox 159 1089 1280 1189; baseline 0.001 -24"><span class='ocrx_word' id='word_1_35' title='bbox 159 1101 357 1189; x_wconf 74' lang='lat' dir='ltr'><strong>distinguere,</strong></span> <span class='ocrx_word' id='word_1_36' title='bbox 382 1089 498 1165; x_wconf 45' lang='lat' dir='ltr'><strong>&#39;dixeris</strong></span> <span class='ocrx_word' id='word_1_37' title='bbox 527 1101 699 1165; x_wconf 76' lang='lat' dir='ltr'><em>Diabolum</em></span> <span class='ocrx_word' id='word_1_38' title='bbox 728 1100 774 1165; x_wconf 87' lang='lat' dir='ltr'><strong>vel</strong></span> <span class='ocrx_word' id='word_1_39' title='bbox 797 1096 953 1166; x_wconf 74' lang='lat' dir='ltr'><strong>Satorum</strong></span> <span class='ocrx_word' id='word_1_40' title='bbox 981 1104 1126 1166; x_wconf 88' lang='lat' dir='ltr'><strong>sustinere</strong></span> <span class='ocrx_word' id='word_1_41' title='bbox 1153 1101 1280 1167; x_wconf 79' lang='lat' dir='ltr'><strong>malitiae</strong></span> 
     </span>
     <span class='ocr_line' id='line_1_7' title="bbox 150 1195 1281 1315; baseline 0.001 -24"><span class='ocrx_word' id='word_1_42' title='bbox 150 1195 190 1291; x_wconf 71' lang='lat' dir='ltr'><strong>¹et</strong></span> <span class='ocrx_word' id='word_1_43' title='bbox 211 1225 354 1291; x_wconf 89' lang='lat' dir='ltr'><strong>mendacii</strong></span> <span class='ocrx_word' id='word_1_44' title='bbox 375 1247 534 1313; x_wconf 88' lang='lat' dir='ltr'><strong>personam</strong></span> <span class='ocrx_word' id='word_1_45' title='bbox 550 1220 581 1307; x_wconf 84' lang='lat'><strong>(1</strong></span> <span class='ocrx_word' id='word_1_46' title='bbox 596 1226 703 1290; x_wconf 83' lang='lat' dir='ltr'><strong>loann.</strong></span> <span class='ocrx_word' id='word_1_47' title='bbox 719 1225 771 1303; x_wconf 89' lang='grc' dir='ltr'>ΙΙΙ,</span> <span class='ocrx_word' id='word_1_48' title='bbox 792 1221 861 1308; x_wconf 78' lang='grc'>10),·</span> <span class='ocrx_word' id='word_1_49' title='bbox 885 1225 1096 1292; x_wconf 76' lang='lat' dir='ltr'><strong>Motmaooem</strong></span> <span class='ocrx_word' id='word_1_50' title='bbox 1109 1247 1281 1315; x_wconf 88' lang='lat' dir='ltr'><strong>repraesen-</strong></span> 
     </span>
     <span class='ocr_line' id='line_1_8' title="bbox 157 1347 1279 1437; baseline -0.001 -20"><span class='ocrx_word' id='word_1_51' title='bbox 157 1365 221 1418; x_wconf 89' lang='lat' dir='ltr'><strong>tare</strong></span> <span class='ocrx_word' id='word_1_52' title='bbox 251 1351 430 1417; x_wconf 80' lang='lat' dir='ltr'><strong>mundanam</strong></span> <span class='ocrx_word' id='word_1_53' title='bbox 463 1351 540 1415; x_wconf 89' lang='lat' dir='ltr'><strong>illam</strong></span> <span class='ocrx_word' id='word_1_54' title='bbox 571 1355 724 1416; x_wconf 88' lang='lat' dir='ltr'><strong>avaritiam</strong></span> <span class='ocrx_word' id='word_1_55' title='bbox 753 1372 787 1415; x_wconf 89' lang='lat' dir='ltr'><strong>ac</strong></span> <span class='ocrx_word' id='word_1_56' title='bbox 815 1349 947 1415; x_wconf 87' lang='lat' dir='ltr'><strong>fraudem</strong></span> <span class='ocrx_word' id='word_1_57' title='bbox 978 1347 1103 1434; x_wconf 88' lang='lat' dir='ltr'><strong>(Matth.</strong></span> <span class='ocrx_word' id='word_1_58' title='bbox 1121 1352 1177 1430; x_wconf 91' lang='lat' dir='ltr'><strong>Vl,</strong></span> <span class='ocrx_word' id='word_1_59' title='bbox 1201 1348 1279 1437; x_wconf 79' lang='lat'><strong>24);</strong></span> 
     </span>
     <span class='ocr_line' id='line_1_9' title="bbox 157 1472 1279 1564; baseline 0.002 -22"><span class='ocrx_word' id='word_1_60' title='bbox 157 1477 314 1542; x_wconf 79' lang='lat' dir='ltr'><strong>Boliulem</strong></span> <span class='ocrx_word' id='word_1_61' title='bbox 346 1489 444 1542; x_wconf 90' lang='lat' dir='ltr'><strong>autem</strong></span> <span class='ocrx_word' id='word_1_62' title='bbox 477 1476 706 1540; x_wconf 85' lang='lat' dir='ltr'><strong>incontinentiae</strong></span> <span class='ocrx_word' id='word_1_63' title='bbox 740 1478 939 1564; x_wconf 86' lang='lat' dir='ltr'><strong>impuritatem</strong></span> <span class='ocrx_word' id='word_1_64' title='bbox 970 1479 1134 1563; x_wconf 83' lang='lat' dir='ltr'><strong>exprimere</strong></span> <span class='ocrx_word' id='word_1_65' title='bbox 1163 1472 1279 1558; x_wconf 84' lang='lat' dir='ltr'><strong>(ludio.</strong></span> 
     </span>
     <span class='ocr_line' id='line_1_10' title="bbox 157 1597 1280 1690; baseline -0.002 -22"><span class='ocrx_word' id='word_1_66' title='bbox 157 1601 246 1680; x_wconf 87' lang='grc' dir='ltr'>ΧΙΙΙ,</span> <span class='ocrx_word' id='word_1_67' title='bbox 270 1597 341 1685; x_wconf 83' lang='lat'><strong>22).</strong></span> <span class='ocrx_word' id='word_1_68' title='bbox 389 1599 542 1678; x_wconf 82' lang='lat' dir='ltr'><strong>Ceterum,</strong></span> <span class='ocrx_word' id='word_1_69' title='bbox 574 1600 685 1689; x_wconf 81' lang='lat' dir='ltr'><strong>triplex</strong></span> <span class='ocrx_word' id='word_1_70' title='bbox 712 1601 784 1664; x_wconf 90' lang='lat' dir='ltr'><strong>hacc</strong></span> <span class='ocrx_word' id='word_1_71' title='bbox 813 1603 924 1687; x_wconf 88' lang='lat' dir='ltr'><strong>peccati</strong></span> <span class='ocrx_word' id='word_1_72' title='bbox 952 1600 1111 1690; x_wconf 81' lang='lat' dir='ltr'><strong>descriptio</strong></span> <span class='ocrx_word' id='word_1_73' title='bbox 1134 1605 1166 1666; x_wconf 93' lang='lat' dir='ltr'><strong>in</strong></span> <span class='ocrx_word' id='word_1_74' title='bbox 1189 1603 1280 1668; x_wconf 88' lang='lat' dir='ltr'><strong>altera</strong></span> 
     </span>
     <span class='ocr_line' id='line_1_11' title="bbox 158 1725 1281 1817; baseline -0.002 -23"><span class='ocrx_word' id='word_1_75' title='bbox 158 1727 300 1817; x_wconf 82' lang='lat' dir='ltr'><strong>Dccalcgi</strong></span> <span class='ocrx_word' id='word_1_76' title='bbox 321 1726 423 1792; x_wconf 88' lang='lat' dir='ltr'><strong>tabula</strong></span> <span class='ocrx_word' id='word_1_77' title='bbox 447 1726 554 1792; x_wconf 85' lang='lat' dir='ltr'><strong>diserte</strong></span> <span class='ocrx_word' id='word_1_78' title='bbox 578 1738 713 1813; x_wconf 90' lang='lat' dir='ltr'><strong>apparet,</strong></span> <span class='ocrx_word' id='word_1_79' title='bbox 745 1730 917 1813; x_wconf 85' lang='lat' dir='ltr'><strong>praesertim</strong></span> <span class='ocrx_word' id='word_1_80' title='bbox 943 1729 968 1791; x_wconf 91' lang='lat' dir='ltr'><strong>si</strong></span> <span class='ocrx_word' id='word_1_81' title='bbox 992 1725 1029 1791; x_wconf 91' lang='lat' dir='ltr'><strong>ad</strong></span> <span class='ocrx_word' id='word_1_82' title='bbox 1052 1727 1281 1792; x_wconf 88' lang='lat' dir='ltr'><strong>Deuteronomi-</strong></span> 
     </span>
     <span class='ocr_line' id='line_1_12' title="bbox 159 1849 1278 1941; baseline -0.001 -22"><span class='ocrx_word' id='word_1_83' title='bbox 159 1874 222 1919; x_wconf 89' lang='lat' dir='ltr'><strong>cam</strong></span> <span class='ocrx_word' id='word_1_84' title='bbox 245 1856 410 1918; x_wconf 86' lang='lat' dir='ltr'><strong>versionem</strong></span> <span class='ocrx_word' id='word_1_85' title='bbox 440 1863 616 1939; x_wconf 86' lang='lat' dir='ltr'><strong>spectamus.</strong></span> <span class='ocrx_word' id='word_1_86' title='bbox 662 1849 737 1914; x_wconf 90' lang='lat' dir='ltr'><strong>Nam</strong></span> <span class='ocrx_word' id='word_1_87' title='bbox 767 1854 809 1915; x_wconf 90' lang='lat' dir='ltr'><strong>sic</strong></span> <span class='ocrx_word' id='word_1_88' title='bbox 839 1850 1001 1916; x_wconf 86' lang='lat' dir='ltr'><strong>decurrunt</strong></span> <span class='ocrx_word' id='word_1_89' title='bbox 1028 1856 1085 1917; x_wconf 91' lang='lat' dir='ltr'><strong>ista</strong></span> <span class='ocrx_word' id='word_1_90' title='bbox 1106 1867 1278 1941; x_wconf 84' lang='lat' dir='ltr'><strong>praccepta:</strong></span> 
     </span>
     <span class='ocr_line' id='line_1_13' title="bbox 160 1971 1278 2065; baseline 0.001 -22"><span class='ocrx_word' id='word_1_91' title='bbox 160 1974 197 2061; x_wconf 87' lang='lat' dir='ltr'><strong>a)</strong></span> <span class='ocrx_word' id='word_1_92' title='bbox 233 1971 310 2060; x_wconf 89' lang='lat' dir='ltr'><strong>(Vl)</strong></span> <span class='ocrx_word' id='word_1_93' title='bbox 348 1999 408 2041; x_wconf 68' lang='lat' dir='ltr'><strong>’ne</strong></span> <span class='ocrx_word' id='word_1_94' title='bbox 446 1976 637 2042; x_wconf 88' lang='lat' dir='ltr'><strong>homicidium</strong></span> <span class='ocrx_word' id='word_1_95' title='bbox 676 1979 894 2054; x_wconf 75' lang='lat' dir='ltr'><strong>committito«,</strong></span> <span class='ocrx_word' id='word_1_96' title='bbox 941 1977 1023 2065; x_wconf 92' lang='lat' dir='ltr'><strong>quod</strong></span> <span class='ocrx_word' id='word_1_97' title='bbox 1062 1977 1179 2044; x_wconf 78' lang='lat' dir='ltr'><strong>dioboli</strong></span> <span class='ocrx_word' id='word_1_98' title='bbox 1217 1992 1278 2058; x_wconf 84' lang='lat' dir='ltr'><strong>est3</strong></span> 
     </span>
     <span class='ocr_line' id='line_1_14' title="bbox 159 2098 1277 2190; baseline 0.001 -22"><span class='ocrx_word' id='word_1_99' title='bbox 159 2098 249 2186; x_wconf 85' lang='lat' dir='ltr'><strong>(Vll)</strong></span> <span class='ocrx_word' id='word_1_100' title='bbox 282 2124 338 2168; x_wconf 74' lang='lat' dir='ltr'><strong>»ne</strong></span> <span class='ocrx_word' id='word_1_101' title='bbox 367 2103 558 2180; x_wconf 76' lang='lat' dir='ltr'><strong>moechare«,</strong></span> <span class='ocrx_word' id='word_1_102' title='bbox 595 2102 678 2190; x_wconf 92' lang='lat' dir='ltr'><strong>quod</strong></span> <span class='ocrx_word' id='word_1_103' title='bbox 706 2103 809 2167; x_wconf 66' lang='lat' dir='ltr'><strong>coreas</strong></span> <span class='ocrx_word' id='word_1_104' title='bbox 837 2114 897 2180; x_wconf 91' lang='lat' dir='ltr'><strong>est;</strong></span> <span class='ocrx_word' id='word_1_105' title='bbox 933 2098 1033 2186; x_wconf 85' lang='lat' dir='ltr'><strong>(vlu)</strong></span> <span class='ocrx_word' id='word_1_106' title='bbox 1064 2125 1120 2168; x_wconf 76' lang='lat' dir='ltr'><strong>»ne</strong></span> <span class='ocrx_word' id='word_1_107' title='bbox 1150 2103 1277 2182; x_wconf 78' lang='lat' dir='ltr'><strong>furare«,</strong></span> 
     </span>
     <span class='ocr_line' id='line_1_15' title="bbox 159 2222 1280 2316; baseline 0.002 -24"><span class='ocrx_word' id='word_1_108' title='bbox 159 2227 242 2316; x_wconf 87' lang='lat' dir='ltr'><strong>quod</strong></span> <span class='ocrx_word' id='word_1_109' title='bbox 263 2228 373 2292; x_wconf 74' lang='lat' dir='ltr'><strong>macardi</strong></span> <span class='ocrx_word' id='word_1_110' title='bbox 393 2241 453 2306; x_wconf 82' lang='lat' dir='ltr'><strong>cst3</strong></span> <span class='ocrx_word' id='word_1_111' title='bbox 482 2241 571 2315; x_wconf 88' lang='lat' dir='ltr'><strong>atquc</strong></span> <span class='ocrx_word' id='word_1_112' title='bbox 591 2231 699 2292; x_wconf 89' lang='lat' dir='ltr'><strong>iterum</strong></span> <span class='ocrx_word' id='word_1_113' title='bbox 729 2224 760 2310; x_wconf 76' lang='lat' dir='ltr'><strong>la)</strong></span> <span class='ocrx_word' id='word_1_114' title='bbox 783 2222 850 2310; x_wconf 86' lang='lat' dir='ltr'>(IX)</span> <span class='ocrx_word' id='word_1_115' title='bbox 874 2249 930 2292; x_wconf 74' lang='lat' dir='ltr'><strong>»ne</strong></span> <span class='ocrx_word' id='word_1_116' title='bbox 951 2226 1057 2292; x_wconf 81' lang='lat' dir='ltr'><strong>falsum</strong></span> <span class='ocrx_word' id='word_1_117' title='bbox 1077 2232 1280 2294; x_wconf 88' lang='lat' dir='ltr'><strong>testimouium</strong></span> 
     </span>
     <span class='ocr_line' id='line_1_16' title="bbox 157 2347 1279 2442; baseline 0 -23"><span class='ocrx_word' id='word_1_118' title='bbox 157 2353 316 2442; x_wconf 81' lang='lat' dir='ltr'><strong>perhibe«,</strong></span> <span class='ocrx_word' id='word_1_119' title='bbox 347 2353 430 2442; x_wconf 84' lang='lat' dir='ltr'><strong>quod</strong></span> <span class='ocrx_word' id='word_1_120' title='bbox 459 2352 576 2418; x_wconf 75' lang='lat' dir='ltr'><strong>dioboli</strong></span> <span class='ocrx_word' id='word_1_121' title='bbox 604 2364 663 2430; x_wconf 82' lang='lat' dir='ltr'><strong>est3</strong></span> <span class='ocrx_word' id='word_1_122' title='bbox 700 2347 754 2434; x_wconf 83' lang='lat' dir='ltr'><strong>(X)</strong></span> <span class='ocrx_word' id='word_1_123' title='bbox 784 2373 840 2416; x_wconf 81' lang='lat' dir='ltr'><strong>»ne</strong></span> <span class='ocrx_word' id='word_1_124' title='bbox 869 2352 990 2416; x_wconf 86' lang='lat' dir='ltr'><strong>alterius</strong></span> <span class='ocrx_word' id='word_1_125' title='bbox 1018 2375 1144 2418; x_wconf 89' lang='lat' dir='ltr'><strong>uxorem</strong></span> <span class='ocrx_word' id='word_1_126' title='bbox 1171 2374 1279 2420; x_wconf 88' lang='lat' dir='ltr'><strong>concu-</strong></span> 
     </span>
     <span class='ocr_line' id='line_1_17' title="bbox 157 2477 1277 2568; baseline -0.001 -24"><span class='ocrx_word' id='word_1_127' title='bbox 157 2483 274 2568; x_wconf 71' lang='lat' dir='ltr'><strong>pisce«,</strong></span> <span class='ocrx_word' id='word_1_128' title='bbox 306 2478 389 2567; x_wconf 84' lang='lat' dir='ltr'><strong>quod</strong></span> <span class='ocrx_word' id='word_1_129' title='bbox 415 2479 518 2543; x_wconf 78' lang='lat' dir='ltr'><strong>corcis</strong></span> <span class='ocrx_word' id='word_1_130' title='bbox 543 2491 602 2555; x_wconf 82' lang='lat' dir='ltr'><strong>est3</strong></span> <span class='ocrx_word' id='word_1_131' title='bbox 632 2499 688 2540; x_wconf 74' lang='lat' dir='ltr'><strong>»nc</strong></span> <span class='ocrx_word' id='word_1_132' title='bbox 716 2489 821 2563; x_wconf 87' lang='lat' dir='ltr'><strong>appete</strong></span> <span class='ocrx_word' id='word_1_133' title='bbox 849 2477 969 2540; x_wconf 87' lang='lat' dir='ltr'><strong>alterius</strong></span> <span class='ocrx_word' id='word_1_134' title='bbox 998 2477 1133 2555; x_wconf 91' lang='lat' dir='ltr'><strong>domum,</strong></span> <span class='ocrx_word' id='word_1_135' title='bbox 1164 2501 1277 2566; x_wconf 87' lang='lat' dir='ltr'><strong>agrum,</strong></span> 
     </span>
     <span class='ocr_line' id='line_1_18' title="bbox 158 2601 1280 2692; baseline 0 -23"><span class='ocrx_word' id='word_1_136' title='bbox 158 2628 293 2683; x_wconf 85' lang='lat' dir='ltr'><strong>servum,</strong></span> <span class='ocrx_word' id='word_1_137' title='bbox 317 2604 465 2680; x_wconf 89' lang='lat' dir='ltr'><strong>ancillam,</strong></span> <span class='ocrx_word' id='word_1_138' title='bbox 488 2602 610 2680; x_wconf 88' lang='lat' dir='ltr'><strong>bovem,</strong></span> <span class='ocrx_word' id='word_1_139' title='bbox 631 2604 760 2678; x_wconf 90' lang='lat' dir='ltr'><strong>asinum,</strong></span> <span class='ocrx_word' id='word_1_140' title='bbox 786 2613 815 2664; x_wconf 89' lang='lat' dir='ltr'><strong>et</strong></span> <span class='ocrx_word' id='word_1_141' title='bbox 830 2601 977 2689; x_wconf 86' lang='lat' dir='ltr'><strong>quidquid</strong></span> <span class='ocrx_word' id='word_1_142' title='bbox 991 2602 1173 2691; x_wconf 73' lang='lat' dir='ltr'><strong>possideat«,</strong></span> <span class='ocrx_word' id='word_1_143' title='bbox 1197 2604 1280 2692; x_wconf 89' lang='lat' dir='ltr'><strong>quod</strong></span> 
     </span>
     <span class='ocr_line' id='line_1_19' title="bbox 157 2725 1276 2816; baseline -0.004 -20"><span class='ocrx_word' id='word_1_144' title='bbox 157 2731 268 2796; x_wconf 78' lang='lat' dir='ltr'><strong>octoadi</strong></span> <span class='ocrx_word' id='word_1_145' title='bbox 289 2742 343 2795; x_wconf 87' lang='lat' dir='ltr'><strong>est.</strong></span> <span class='ocrx_word' id='word_1_146' title='bbox 380 2728 413 2794; x_wconf 89' lang='lat' dir='ltr'><strong>Si</strong></span> <span class='ocrx_word' id='word_1_147' title='bbox 436 2729 494 2794; x_wconf 90' lang='lat' dir='ltr'><strong>hoc</strong></span> <span class='ocrx_word' id='word_1_148' title='bbox 516 2741 700 2816; x_wconf 88' lang='lat' dir='ltr'><strong>postremum</strong></span> <span class='ocrx_word' id='word_1_149' title='bbox 723 2740 913 2816; x_wconf 88' lang='lat' dir='ltr'><strong>praeceptum</strong></span> <span class='ocrx_word' id='word_1_150' title='bbox 931 2749 997 2792; x_wconf 91' lang='lat' dir='ltr'><strong>cum</strong></span> <span class='ocrx_word' id='word_1_151' title='bbox 1012 2726 1120 2792; x_wconf 82' lang='lat' dir='ltr'><strong>Exodo</strong></span> <span class='ocrx_word' id='word_1_152' title='bbox 1137 2727 1206 2806; x_wconf 91' lang='lat' dir='ltr'><strong>XX,</strong></span> <span class='ocrx_word' id='word_1_153' title='bbox 1227 2725 1276 2807; x_wconf 81' lang='lat'><strong>14,</strong></span> 
     </span>
     <span class='ocr_line' id='line_1_20' title="bbox 159 2852 1280 2943; baseline -0.003 -22"><span class='ocrx_word' id='word_1_154' title='bbox 159 2877 378 2943; x_wconf 85' lang='lat' dir='ltr'><strong>comparamus,</strong></span> <span class='ocrx_word' id='word_1_155' title='bbox 407 2876 516 2918; x_wconf 88' lang='lat' dir='ltr'><strong>novam</strong></span> <span class='ocrx_word' id='word_1_156' title='bbox 539 2856 735 2918; x_wconf 87' lang='lat' dir='ltr'><strong>nanciscimur</strong></span> <span class='ocrx_word' id='word_1_157' title='bbox 758 2875 791 2916; x_wconf 90' lang='lat' dir='ltr'><strong>ae</strong></span> <span class='ocrx_word' id='word_1_158' title='bbox 812 2852 900 2940; x_wconf 88' lang='lat' dir='ltr'><strong>plane</strong></span> <span class='ocrx_word' id='word_1_159' title='bbox 923 2853 1101 2942; x_wconf 83' lang='lat' dir='ltr'><strong>singularem</strong></span> <span class='ocrx_word' id='word_1_160' title='bbox 1125 2854 1280 2918; x_wconf 82' lang='lat' dir='ltr'><strong>confirma-</strong></span> 
     </span>
     <span class='ocr_line' id='line_1_21' title="bbox 157 2949 1280 3056; baseline -0.003 -9"><span class='ocrx_word' id='word_1_161' title='bbox 157 2985 270 3048; x_wconf 91' lang='lat' dir='ltr'><strong>tionem</strong></span> <span class='ocrx_word' id='word_1_162' title='bbox 292 2993 411 3045; x_wconf 90' lang='lat' dir='ltr'><strong>nostrae</strong></span> <span class='ocrx_word' id='word_1_163' title='bbox 434 2983 611 3056; x_wconf 87' lang='lat' dir='ltr'><strong>sententiae,</strong></span> <span class='ocrx_word' id='word_1_164' title='bbox 638 2949 903 3043; x_wconf 77' lang='lat' dir='ltr'><strong>Deuteronomium</strong></span> <span class='ocrx_word' id='word_1_165' title='bbox 927 2982 1076 3043; x_wconf 89' lang='lat' dir='ltr'><strong>continere</strong></span> <span class='ocrx_word' id='word_1_166' title='bbox 1098 3001 1197 3044; x_wconf 87' lang='lat' dir='ltr'><strong>veram</strong></span> <span class='ocrx_word' id='word_1_167' title='bbox 1220 2979 1280 3045; x_wconf 91' lang='lat' dir='ltr'><strong>De·</strong></span> 
     </span>
     <span class='ocr_line' id='line_1_22' title="bbox 158 3103 1279 3196; baseline -0.004 -23"><span class='ocrx_word' id='word_1_168' title='bbox 158 3108 254 3196; x_wconf 82' lang='lat' dir='ltr'><strong>ealogi</strong></span> <span class='ocrx_word' id='word_1_169' title='bbox 283 3119 371 3195; x_wconf 83' lang='lat' dir='ltr'><strong>etque</strong></span> <span class='ocrx_word' id='word_1_170' title='bbox 399 3109 516 3171; x_wconf 89' lang='lat' dir='ltr'><strong>unicam</strong></span> <span class='ocrx_word' id='word_1_171' title='bbox 542 3105 715 3182; x_wconf 89' lang='lat' dir='ltr'><strong>editionem,</strong></span> <span class='ocrx_word' id='word_1_172' title='bbox 745 3103 845 3168; x_wconf 82' lang='lat' dir='ltr'><strong>Exodi</strong></span> <span class='ocrx_word' id='word_1_173' title='bbox 867 3117 964 3169; x_wconf 89' lang='lat' dir='ltr'><strong>autem</strong></span> <span class='ocrx_word' id='word_1_174' title='bbox 988 3105 1209 3192; x_wconf 88' lang='lat' dir='ltr'><strong>compilatorem</strong></span> <span class='ocrx_word' id='word_1_175' title='bbox 1233 3105 1279 3169; x_wconf 87' lang='lat' dir='ltr'><strong>vel</strong></span> 
     </span>
     <span class='ocr_line' id='line_1_23' title="bbox 157 3227 1278 3332; baseline -0.004 -34"><span class='ocrx_word' id='word_1_176' title='bbox 157 3254 272 3298; x_wconf 91' lang='lat' dir='ltr'><strong>errasse</strong></span> <span class='ocrx_word' id='word_1_177' title='bbox 294 3233 341 3298; x_wconf 85' lang='lat' dir='ltr'><strong>vel</strong></span> <span class='ocrx_word' id='word_1_178' title='bbox 364 3231 490 3320; x_wconf 79' lang='lat' dir='ltr'><strong>oblitum</strong></span> <span class='ocrx_word' id='word_1_179' title='bbox 512 3251 586 3294; x_wconf 90' lang='lat' dir='ltr'><strong>csse.</strong></span> <span class='ocrx_word' id='word_1_180' title='bbox 631 3227 707 3294; x_wconf 89' lang='lat' dir='ltr'><strong>Nam</strong></span> <span class='ocrx_word' id='word_1_181' title='bbox 729 3231 760 3293; x_wconf 92' lang='lat' dir='ltr'><strong>in</strong></span> <span class='ocrx_word' id='word_1_182' title='bbox 781 3228 890 3293; x_wconf 83' lang='lat' dir='ltr'><strong>Exodo</strong></span> <span class='ocrx_word' id='word_1_183' title='bbox 916 3234 1015 3332; x_wconf 75' lang='lat' dir='ltr'><strong>ompia</strong></span> <span class='ocrx_word' id='word_1_184' title='bbox 1037 3234 1278 3309; x_wconf 84' lang='lat' dir='ltr'><strong>commiscentur3</strong></span> 
     </span>
     <span class='ocr_line' id='line_1_24' title="bbox 157 3352 1279 3465; baseline -0.002 -43"><span class='ocrx_word' id='word_1_185' title='bbox 157 3366 237 3465; x_wconf 57' lang='grc' dir='ltr'><strong>’,ψ</strong></span> <span class='ocrx_word' id='word_1_186' title='bbox 258 3359 331 3452; x_wconf 53' lang='lat' dir='ltr'><strong>ni?</strong></span> <span class='ocrx_word' id='word_1_187' title='bbox 355 3369 510 3445; x_wconf 87' lang='lat' dir='ltr'><strong>separatur</strong></span> <span class='ocrx_word' id='word_1_188' title='bbox 532 3379 549 3420; x_wconf 89' lang='lat' dir='ltr'><strong>a</strong></span> <span class='ocrx_word' id='word_1_189' title='bbox 571 3356 693 3444; x_wconf 86' lang='lat' dir='ltr'><strong>reliquis</strong></span> <span class='ocrx_word' id='word_1_190' title='bbox 716 3352 856 3431; x_wconf 87' lang='lat' dir='ltr'><strong>vocibus,</strong></span> <span class='ocrx_word' id='word_1_191' title='bbox 887 3375 962 3441; x_wconf 87' lang='lat' dir='ltr'><strong>quae</strong></span> <span class='ocrx_word' id='word_1_192' title='bbox 985 3358 1205 3441; x_wconf 89' lang='lat' dir='ltr'><strong>possessionem</strong></span> <span class='ocrx_word' id='word_1_193' title='bbox 1230 3356 1279 3420; x_wconf 91' lang='lat' dir='ltr'><strong>de·</strong></span> 
     </span>
     <span class='ocr_line' id='line_1_25' title="bbox 157 3453 1280 3587; baseline -0.004 -39"><span class='ocrx_word' id='word_1_194' title='bbox 157 3497 280 3561; x_wconf 89' lang='lat' dir='ltr'><strong>notant,</strong></span> <span class='ocrx_word' id='word_1_195' title='bbox 313 3497 343 3550; x_wconf 89' lang='lat' dir='ltr'><strong>et</strong></span> <span class='ocrx_word' id='word_1_196' title='bbox 369 3505 425 3570; x_wconf 89' lang='lat' dir='ltr'><strong>pro</strong></span> <span class='ocrx_word' id='word_1_197' title='bbox 454 3494 612 3571; x_wconf 89' lang='lat' dir='ltr'><strong>praecepto</strong></span> <span class='ocrx_word' id='word_1_198' title='bbox 637 3488 713 3587; x_wconf 56' lang='lat'><strong>:¹1³7</strong></span> <span class='ocrx_word' id='word_1_199' title='bbox 736 3475 829 3584; x_wconf 52' lang='lat' dir='ltr'><strong>l&#39;tldltt</strong></span> <span class='ocrx_word' id='word_1_200' title='bbox 852 3453 1052 3549; x_wconf 51' lang='lat' dir='ltr'><strong>muta-tter</strong></span> <span class='ocrx_word' id='word_1_201' title='bbox 1075 3481 1122 3541; x_wconf 91' lang='lat' dir='ltr'><strong>cui</strong></span> <span class='ocrx_word' id='word_1_202' title='bbox 1144 3479 1280 3546; x_wconf 89' lang='lat' dir='ltr'><strong>Masore-</strong></span> 
     </span>
     <span class='ocr_line' id='line_1_26' title="bbox 157 3603 1279 3695; baseline -0.003 -22"><span class='ocrx_word' id='word_1_203' title='bbox 157 3609 230 3673; x_wconf 88' lang='lat' dir='ltr'><strong>thici</strong></span> <span class='ocrx_word' id='word_1_204' title='bbox 260 3621 338 3674; x_wconf 88' lang='lat' dir='ltr'><strong>recte</strong></span> <span class='ocrx_word' id='word_1_205' title='bbox 366 3610 534 3695; x_wconf 82' lang='lat' dir='ltr'><strong>appingunt</strong></span> <span class='ocrx_word' id='word_1_206' title='bbox 561 3605 762 3694; x_wconf 80' lang='lat' dir='ltr'><strong>paragraphus</strong></span> <span class='ocrx_word' id='word_1_207' title='bbox 792 3607 908 3692; x_wconf 83' lang='lat' dir='ltr'><strong>signum</strong></span> <span class='ocrx_word' id='word_1_208' title='bbox 939 3609 981 3681; x_wconf 75' lang='lat'><strong>0,</strong></span> <span class='ocrx_word' id='word_1_209' title='bbox 1018 3603 1144 3690; x_wconf 88' lang='lat' dir='ltr'><strong>simplex</strong></span> <span class='ocrx_word' id='word_1_210' title='bbox 1173 3610 1279 3671; x_wconf 86' lang='lat' dir='ltr'><strong>uxoris</strong></span> 
     </span>
     <span class='ocr_line' id='line_1_27' title="bbox 157 3724 1278 3837; baseline -0.002 -39"><span class='ocrx_word' id='word_1_211' title='bbox 157 3737 269 3798; x_wconf 91' lang='lat' dir='ltr'><strong>mentio</strong></span> <span class='ocrx_word' id='word_1_212' title='bbox 303 3736 444 3798; x_wconf 88' lang='lat' dir='ltr'><strong>inseritur</strong></span> <span class='ocrx_word' id='word_1_213' title='bbox 475 3745 546 3819; x_wconf 89' lang='lat' dir='ltr'><strong>post</strong></span> <span class='ocrx_word' id='word_1_214' title='bbox 580 3739 657 3837; x_wconf 59' lang='grc' dir='ltr'><strong>ψ</strong></span> <span class='ocrx_word' id='word_1_215' title='bbox 687 3732 775 3822; x_wconf 48' lang='lat' dir='ltr'><strong>t&#39;tljlj</strong></span> <span class='ocrx_word' id='word_1_216' title='bbox 811 3743 840 3794; x_wconf 91' lang='lat' dir='ltr'><strong>et</strong></span> <span class='ocrx_word' id='word_1_217' title='bbox 873 3724 975 3833; x_wconf 53' lang='lat' dir='ltr'><strong>lini?</strong></span> <span class='ocrx_word' id='word_1_218' title='bbox 1003 3731 1128 3807; x_wconf 88' lang='lat' dir='ltr'><strong>extrito,</strong></span> <span class='ocrx_word' id='word_1_219' title='bbox 1166 3743 1196 3795; x_wconf 91' lang='lat' dir='ltr'><strong>et</strong></span> <span class='ocrx_word' id='word_1_220' title='bbox 1221 3753 1278 3819; x_wconf 93' lang='lat' dir='ltr'><strong>pro</strong></span> 
     </span>
     <span class='ocr_line' id='line_1_28' title="bbox 158 3849 1279 3954; baseline -0.002 -32"><span class='ocrx_word' id='word_1_221' title='bbox 158 3865 306 3954; x_wconf 51' lang='lat' dir='ltr'><strong>nirenta,</strong></span> <span class='ocrx_word' id='word_1_222' title='bbox 336 3857 419 3946; x_wconf 81' lang='lat' dir='ltr'><strong>quod</strong></span> <span class='ocrx_word' id='word_1_223' title='bbox 445 3859 508 3934; x_wconf 92' lang='lat' dir='ltr'><strong>hic,</strong></span> <span class='ocrx_word' id='word_1_224' title='bbox 540 3859 666 3943; x_wconf 87' lang='lat' dir='ltr'><strong>repetito</strong></span> <span class='ocrx_word' id='word_1_225' title='bbox 690 3849 819 3947; x_wconf 60' lang='grc' dir='ltr'><strong>ἾΙΞῌῌ,</strong></span> <span class='ocrx_word' id='word_1_226' title='bbox 853 3859 951 3919; x_wconf 91' lang='lat' dir='ltr'><strong>omnia</strong></span> <span class='ocrx_word' id='word_1_227' title='bbox 974 3854 1067 3919; x_wconf 89' lang='lat' dir='ltr'><strong>eidem</strong></span> <span class='ocrx_word' id='word_1_228' title='bbox 1091 3854 1183 3919; x_wconf 88' lang='lat' dir='ltr'><strong>verbo</strong></span> <span class='ocrx_word' id='word_1_229' title='bbox 1207 3855 1279 3920; x_wconf 86' lang='lat' dir='ltr'><strong>suh-</strong></span> 
     </span>
     <span class='ocr_line' id='line_1_29' title="bbox 153 3951 1278 4072; baseline -0.004 -23"><span class='ocrx_word' id='word_1_230' title='bbox 153 3954 334 4072; x_wconf 79' lang='lat' dir='ltr'><strong>junguntur.</strong></span> <span class='ocrx_word' id='word_1_231' title='bbox 380 3982 474 4048; x_wconf 90' lang='lat' dir='ltr'><strong>Nemo</strong></span> <span class='ocrx_word' id='word_1_232' title='bbox 505 3995 550 4048; x_wconf 90' lang='lat' dir='ltr'><strong>est</strong></span> <span class='ocrx_word' id='word_1_233' title='bbox 578 3986 700 4070; x_wconf 89' lang='lat' dir='ltr'><strong>opinor,</strong></span> <span class='ocrx_word' id='word_1_234' title='bbox 731 3951 831 4046; x_wconf 75' lang='lat' dir='ltr'><strong>critica</strong></span> <span class='ocrx_word' id='word_1_235' title='bbox 853 3980 990 4045; x_wconf 84' lang='lat' dir='ltr'><strong>facultate</strong></span> <span class='ocrx_word' id='word_1_236' title='bbox 1014 3983 1176 4058; x_wconf 86' lang='lat' dir='ltr'><strong>exercitus,</strong></span> <span class='ocrx_word' id='word_1_237' title='bbox 1207 3983 1278 4068; x_wconf 89' lang='lat' dir='ltr'><strong>quin</strong></span> 
     </span>
    </p>
   </div>
   <div class='ocr_carea' id='block_1_3' title="bbox 157 4105 1277 4195">
    <p class='ocr_par' dir='ltr' id='par_1_3' title="bbox 157 4105 1277 4195">
     <span class='ocr_line' id='line_1_30' title="bbox 157 4105 1277 4195; baseline -0.004 -21"><span class='ocrx_word' id='word_1_238' title='bbox 157 4110 207 4174; x_wconf 88' lang='lat' dir='ltr'><strong>hio</strong></span> <span class='ocrx_word' id='word_1_239' title='bbox 230 4109 327 4173; x_wconf 88' lang='lat' dir='ltr'><strong>saltim</strong></span> <span class='ocrx_word' id='word_1_240' title='bbox 350 4107 549 4174; x_wconf 90' lang='lat' dir='ltr'><strong>errabundum</strong></span> <span class='ocrx_word' id='word_1_241' title='bbox 572 4109 619 4174; x_wconf 87' lang='lat' dir='ltr'><strong>vel</strong></span> <span class='ocrx_word' id='word_1_242' title='bbox 643 4107 822 4175; x_wconf 82' lang='lat' dir='ltr'><strong>obliviosum</strong></span> <span class='ocrx_word' id='word_1_243' title='bbox 846 4106 1067 4195; x_wconf 89' lang='lat' dir='ltr'><strong>compilatorem</strong></span> <span class='ocrx_word' id='word_1_244' title='bbox 1089 4110 1120 4170; x_wconf 93' lang='lat' dir='ltr'><strong>in</strong></span> <span class='ocrx_word' id='word_1_245' title='bbox 1142 4105 1277 4184; x_wconf 81' lang='lat' dir='ltr'><strong>Exodico</strong></span> 
     </span>
    </p>
   </div>
   <div class='ocr_carea' id='block_1_4' title="bbox 158 4233 535 4329">
    <p class='ocr_par' dir='ltr' id='par_1_4' title="bbox 158 4233 535 4329">
     <span class='ocr_line' id='line_1_31' title="bbox 158 4233 535 4329; baseline 0.005 -29"><span class='ocrx_word' id='word_1_246' title='bbox 158 4234 255 4306; x_wconf 88' lang='lat' dir='ltr'><strong>scriba</strong></span> <span class='ocrx_word' id='word_1_247' title='bbox 279 4233 487 4329; x_wconf 87' lang='lat' dir='ltr'><strong>deprehendat.</strong></span> <span class='ocrx_word' id='word_1_248' title='bbox 534 4243 535 4246; x_wconf 72' lang='grc'>’</span> 
     </span>
    </p>
   </div>
   <div class='ocr_carea' id='block_1_5' title="bbox 0 0 1584 5170">
    <p class='ocr_par' dir='ltr' id='par_1_5' title="bbox 0 0 1584 5170">
     <span class='ocr_line' id='line_1_32' title="bbox 0 0 1584 5170; baseline 0 0"><span class='ocrx_word' id='word_1_249' title='bbox 0 0 1584 5170; x_wconf 95' lang='lat' dir='ltr'><strong> </strong></span> 
     </span>
    </p>
   </div>
  </div>
 </body>
</html>
