3164 5176
609 334 820 442 jae—

151 544 212 611 Ubi
235 548 323 610 etiam
346 557 470 634 apparet
491 547 539 609 oui
561 549 631 610 usui
655 545 792 610 destinati
812 557 910 610 essent
925 545 997 609 tales
1020 541 1148 620 πέπλοι,
1171 564 1276 630 nempe

151 669 326 736 mulieribus
356 684 386 734 et
415 670 543 749 deabus,
579 693 641 736 non
673 673 743 735 item
773 669 955 734 hominibus.
1006 669 1047 735 Et
1075 693 1168 758 quum
1198 669 1278 734 Cha-

152 796 296 860 roshetha
319 818 380 860 non
402 797 444 860 ita
466 795 554 884 longe
577 794 694 860 abesset
716 795 753 860 ab
770 795 843 860 urbe
860 793 981 872 Sidone,
1006 792 1088 858 facile
1105 794 1276 860 crediderim

151 923 282 984 victores
304 920 451 984 Israelitas
480 921 588 984 multas
616 920 658 985 ibi
689 943 744 985 acu
766 924 859 1007 pictas
883 933 980 986 vestes
1009 923 1171 998 invenIsse,
1202 942 1276 1007 quas

152 1048 231 1109 inter
247 1067 316 1109 suas
332 1044 454 1110 feminas
465 1045 621 1133 Baraquus
638 1046 745 1133 aliique
762 1045 900 1110 ductores
916 1044 1131 1132 partiebantur.
1160 1043 1277 1109 Auctor

151 1169 263 1236 Psalmi
284 1170 420 1248 LXVIII,
445 1174 497 1258 qui
519 1171 619 1258 plures
642 1172 739 1235 nostri
763 1169 909 1235 Carminis
932 1171 1014 1235 locos
1038 1172 1200 1235 imitatione
1224 1191 1276 1234 ex·

152 1298 277 1382 pressit,
302 1299 447 1384 optimum
470 1296 518 1360 hic
541 1300 781 1362 commentarium
804 1295 1018 1361 subministrat.
1064 1296 1108 1360 Ita
1131 1297 1207 1358 enim
1231 1294 1277 1358 rel

154 1419 189 1484 de
219 1420 276 1485 hac
303 1421 350 1486 vel
380 1420 415 1486 de
444 1423 501 1486 alia
534 1425 633 1488 nescio
669 1445 729 1510 qua
756 1421 954 1489 Israelitarum
982 1423 1107 1488 victoria
1142 1419 1277 1508 loquitur

155 1538 217 1625 (vv.
236 1544 277 1610 12
288 1584 324 1595 -
337 1543 406 1630 14);

215 1718 326 1795 aReges
342 1737 404 1777 cum
421 1719 587 1778 exercitibus
603 1722 660 1778 suis
676 1718 795 1795 suffiunt,
811 1719 936 1796 fugiunt!

214 1827 251 1883 Et
264 1837 405 1884 matronae
422 1827 578 1884 domisedae
593 1827 723 1904 praedam
738 1831 910 1903 partiuntur!

213 1935 330 1992 Etiamsi
346 1934 502 1992 domesticis
518 1946 599 1992 antea
613 1937 772 1992 ministeriis
788 1936 944 1993 sordidatae
960 1947 1047 2007 erant,

213 2042 303 2099 Hodie
320 2041 511 2118 deargentatae
528 2054 592 2099 sunt
608 2054 635 2099 et
651 2043 805 2113 deauratae,
822 2046 894 2102 sicut
910 2043 1100 2100 columbarum
1115 2061 1229 2120 pennae.

216 2148 305 2214 Quum
320 2147 417 2224 regum
432 2150 471 2206 ibi
488 2152 580 2228 copias
597 2150 756 2227 dissipasset
773 2151 960 2227 Omnipotens,

217 2255 334 2316 Canduit
348 2275 529 2333 unaquaeque
544 2259 644 2314 mulier
660 2277 710 2316 eeu
725 2261 775 2315 nix
789 2260 819 2315 in
836 2259 993 2315 Tsalmonis
1009 2261 1134 2316 vertice·

154 2421 239 2489 Unde
262 2423 412 2500 videmus,
443 2443 531 2512 quam
554 2424 673 2510 prolixa
696 2447 748 2511 spe
772 2438 884 2489 veteres
908 2424 950 2487 illi
970 2424 1118 2488 Israelitae
1142 2424 1275 2490 futurum

152 2551 294 2614 victoriae
316 2561 495 2636 proventum
524 2548 716 2636 contemplari
745 2550 882 2614 solerent.
930 2547 1020 2631 Quod
1042 2561 1139 2613 autem
1161 2550 1274 2615 Psaltes

153 2675 201 2739 iIIe
224 2672 350 2761 praedae
378 2677 567 2760 partitionem
595 2678 681 2762 quasi
710 2675 849 2760 historice
877 2673 1031 2752 describit,
1060 2673 1179 2739 Dehora
1202 2696 1274 2738 vero

57 2803 64 2812 '
153 2802 252 2865 irritas
274 2799 406 2863 hostium
431 2802 585 2886 opiniones
608 2799 726 2878 irridet,
758 2799 880 2864 similem
907 2800 1050 2864 habemus
1077 2803 1276 2863 inversionem

154 2929 185 2990 in
208 2937 312 2989 nostro
338 2922 473 2989 Carmine
504 2921 606 2989 v.19:
638 2925 811 2990 »Venerunt
838 2947 922 3012 reges
950 2937 979 2989 et
1006 2938 1193 3013 pugnarunt,
1223 2925 1276 2990 sed

154 3073 191 3115 ne
220 3048 379 3114 frustulum
409 3048 527 3137 quidem
557 3054 670 3137 argenti
701 3051 807 3115 lucrati
842 3064 947 3128 sunt«,
982 3074 1039 3138 pro
1076 3073 1136 3138 quo
1165 3048 1275 3113 Psalmi

155 3188 260 3239 auctor
281 3176 393 3263 absque
417 3178 498 3240 omni
519 3179 677 3263 negatione
701 3176 832 3241 devictos
854 3177 956 3241 hostes
972 3180 1087 3265 argenti
1101 3175 1197 3242 srusta
1218 3197 1274 3262 pro

154 3299 268 3365 tributo
292 3300 438 3367 submisse
460 3313 645 3387 praestantes
668 3300 782 3366 inducit
805 3297 846 3383 (v.
865 3297 931 3382 31).
