3152 5160
534 363 537 368 ·
585 347 798 463 ...am

130 582 207 648 quae
241 559 345 625 sordes
380 581 538 647 corporeas
573 559 681 637 abluit,
719 582 822 625 verum
851 563 938 626 etiam
966 561 1079 648 reliqua
1106 563 1178 639 tria,
1212 595 1248 610 -·

130 696 257 769 terrore,
282 707 357 774 quae
381 684 544 752 fullonibus
567 697 652 750 tanto
675 689 745 750 usui
763 697 808 751 est
823 686 861 750 ad
877 685 1096 774 detergendum,
1119 696 1250 772 centurn,

131 814 183 899 qui
206 812 326 877 inutiles
348 811 447 900 paleas
471 833 489 876 a
510 810 658 878 frumento
682 823 800 899 separat
828 835 861 878 ac
885 803 1019 890 discutit,
1052 814 1169 899 ipnecn,
1200 815 1253 901 qui

130 939 160 1000 in
189 938 314 1002 metallis
341 936 506 1026 purgandis
535 940 660 1002 scoriam
685 941 840 1026 excoquit.
888 937 1040 1004 Christum
1070 959 1191 1027 quoque
1214 939 1253 1003 ad

130 1061 354 1150 quadruplicem
376 1064 457 1127 hunc
478 1062 660 1150 baptismum
683 1077 831 1151 spectasse
854 1067 926 1129 satis
949 1075 1060 1129 certum
1084 1077 1137 1128 est.
1176 1062 1251 1128 Nam

130 1209 237 1276 agmen
260 1188 342 1254 ducit
363 1187 529 1277 baptismus
554 1211 669 1276 oqooe,
702 1191 754 1276 qui
782 1192 836 1254 rite
860 1191 1053 1278 suscipientes
1075 1211 1130 1278 per
1152 1190 1252 1277 sepul·

130 1335 213 1378 crum
229 1315 447 1402 resipiscentiae
463 1313 502 1378 ad
515 1335 625 1378 novam
639 1316 731 1379 vitam
748 1315 846 1379 evehit
862 1311 961 1398 (Rom.
978 1314 1027 1393 Vl,
1046 1313 1076 1393 3,
1092 1311 1137 1397 4).
1172 1313 1252 1379 Haec

130 1453 176 1504 est
198 1442 399 1526 regeneratio.
445 1439 573 1517 Deinde,
602 1438 783 1528 baptismum
805 1442 886 1526 ignis
909 1439 1110 1529 aggredimur,
1135 1443 1166 1505 in
1190 1462 1250 1529 quo

131 1563 263 1653 Spiritus
292 1563 420 1630 Sanctus
455 1569 581 1630 scotiam
614 1578 748 1630 nostram
782 1569 924 1654 excoquit
956 1579 985 1630 ct
1016 1567 1094 1630 colat
1122 1569 1251 1632 animum

128 1703 284 1782 nostrum,
294 1695 371 1756 sicut
386 1713 491 1756 aurum
507 1703 559 1755 aut
574 1705 727 1780 argentum
744 1687 862 1774 (Matth.
875 1691 921 1770 lll,
937 1688 987 1756 11.
1007 1689 1134 1757 Malaeh.
1145 1692 1191 1770 111,
1206 1688 1249 1773 3).

129 1813 210 1882 Haec
225 1829 271 1881 est
285 1815 497 1908 sanctificatio.
533 1815 646 1895 Tertio,
670 1815 819 1905 baptismo
839 1827 940 1883 terroe
961 1839 1134 1906 purgamur,
1159 1836 1251 1906 Qum

131 1945 217 2030 quasi
239 1945 349 2006 semine
368 1943 450 2029 jacto
473 1955 568 2008 terrae
592 1946 810 2022 committimur,
833 1957 869 2008 ut
887 1943 955 2008 inde
977 1965 1166 2032 resurgamus
1190 1947 1252 2032 spi·

129 2067 207 2131 een
245 2088 371 2155 corpore
407 2067 504 2132 clauo
535 2045 660 2150 (ultan.
683 2069 768 2147 xm,
792 2067 844 2135 ae.
871 2067 886 2135 1
909 2067 979 2134 oo.
1000 2069 1070 2147 xv,
1094 2066 1135 2135 as
1160 2065 1249 2157 sqq).

129 2191 209 2258 Haec
232 2204 279 2257 est
299 2213 391 2257 mors.
426 2192 569 2281 Denique,
594 2195 633 2259 ad
653 2193 834 2282 baptismum
848 2195 931 2260 venti
944 2194 1117 2273 accedimns,
1142 2197 1173 2259 in
1189 2217 1250 2283 quo

125 2317 223 2402 judex
245 2331 349 2382 noster
371 2321 457 2406 quasi
478 2319 642 2384 ventilabro
667 2342 722 2385 suo
747 2341 843 2384 aream
864 2318 1068 2408 perpurgabit,
1095 2333 1133 2398 ct,
1158 2340 1266 2408 quum.

129 2443 229 2530 paleas
260 2443 461 2530 dissipaverit,
492 2443 606 2510 bonum
634 2444 812 2511 frumentum
841 2447 872 2508 in
901 2448 1072 2532 granarium
1095 2465 1183 2510 suum
1205 2469 1251 2512 se·

130 2579 224 2654 ponet
248 2564 368 2651 (Matth.
384 2565 430 2647 lll,
450 2565 514 2654 12).
549 2571 615 2636 Hoc
631 2581 676 2635 est
690 2593 842 2636 senonem
847 2571 1013 2656 sedeciam,
1039 2569 1122 2658 quod
1137 2573 1251 2636 zizania

131 2692 252 2758 abono
277 2696 386 2759 semine
409 2693 567 2782 separabit,
592 2695 673 2783 quod
697 2695 795 2761 bonos
818 2717 911 2784 agnos
935 2718 953 2761 a
974 2700 1124 2784 protervis
1144 2695 1250 2763 hoedis

131 2817 292 2907 dispescat,
319 2821 357 2885 ad
380 2820 463 2908 quod
484 2825 670 2910 prospiciens
693 2841 932 2911 unumquemque
955 2835 1092 2888 nostrum
1115 2822 1171 2888 sibi
1193 2825 1251 2911 ipsi

131 2947 318 3013 insusurrare
342 2959 476 3034 oportet:

466 3117 541 3198 Ergo
557 3119 650 3180 sisois
666 3119 824 3198 qualitatem

466 3229 544 3288 Tuae
560 3231 650 3302 sortis,
665 3231 847 3308 voluptatem'

467 3337 562 3397 Carnis
580 3355 663 3414 quare
678 3339 820 3414 sequeris?
843 3361 847 3370 ·

466 3445 602 3504 Memento
617 3455 645 3503 te
659 3447 832 3515 moriturum,

466 3553 504 3612 Et
517 3564 582 3631 post
595 3563 713 3612 mortem
728 3552 757 3610 id
771 3563 934 3624 messurum,

468 3659 548 3727 Quod
561 3662 607 3720 hic
622 3661 808 3720 seminaveris,

134 3819 195 3890 Sed
215 3837 252 3889 ut
273 3823 426 3891 redeamus
451 3826 489 3892 ad
508 3831 648 3916 mysticas
664 3827 845 3894 Graecorum
867 3823 1051 3907 traditiones,
1075 3845 1138 3893 non
1159 3822 1250 3892 modo

134 3971 211 4037 aqua
233 3949 438 4016 lustrabantur
462 3949 603 4040 (Hesych.
620 3973 648 4018 v.
668 3945 828 4039 ὑδρανός·
853 3947 1041 4039 ὁὰγνιστῆς
1063 3952 1127 4018 τῶν
1145 3944 1252 4018 'Elev-

135 4071 272 4159 owicoo),
296 4075 385 4164 idque
409 4077 493 4154 salsis
516 4075 672 4156 fluctibus,
704 4077 757 4142 ubi
779 4099 859 4143 mare
881 4092 1000 4168 praesto
1024 4091 1087 4144 erat
1109 4073 1250 4166 (Hesych,

133 4197 240 4266 atate
261 4195 388 4284 edocet,
410 4203 553 4290 Polyaen.
569 4203 614 4281 ΙΠ,
634 4199 698 4285 11),
723 4203 776 4267 sed
797 4215 870 4292 post
886 4206 1080 4270 initiationem
1097 4201 1154 4268 sibi
1175 4205 1252 4268 invia

133 4346 195 4390 oem
218 4325 430 4407 acclamabant,
460 4349 545 4394 »sese
568 4349 583 4394 e
605 4331 680 4394 mari
702 4331 733 4394 in
755 4337 864 4395 terram
886 4330 985 4397 salros
1007 4331 1191 4418 pervenisse,
1223 4332 1253 4392 et

132 4448 190 4516 sub
220 4462 298 4518 teoto
331 4456 390 4520 tuti
418 4463 621 4543 tempestatem
651 4457 727 4523 ritae
756 4452 829 4522 loris
864 4454 1091 4525 debacchantem
1124 4450 1251 4524 audires

1005 4576 1039 4635 10
